2292 3692
338 219 413 278 82
744 219 944 278 SALL
958 220 1192 279 USTII
1237 222 1404 282 JUG
1417 222 1712 283 URTHA.

334 373 450 429 fuit
474 392 487 430 ε
529 373 627 429 sed
654 391 786 429 cum
818 379 1011 431 turma
1043 394 1163 447 sua,
1196 395 1376 451 quam
1419 395 1493 433 ex
1528 376 1854 434 fortissimis
1899 375 2099 453 magis,

334 488 508 545 quam
568 470 1045 540 familiarissimis,
1108 476 1432 546 paraverat,
1475 472 1676 546 vagari
1724 472 1972 547 passim:
2034 492 2101 529 ac

335 565 504 621 modo
546 565 940 622 laborantibus
988 567 1107 622 suis
1146 584 1492 636 succurrere,
1536 566 1708 623 modo
1744 567 1954 638 hostes,
1995 567 2100 623 ubi

333 665 737 722 confertissimi
782 664 1145 733 obstiterant,
1203 661 1519 719 invadere:
1577 680 1756 718 manu
1806 662 2100 719 consulere

332 763 630 833 militibus,
660 763 934 838 quoniam
949 762 1252 835 imperare,
1283 759 1642 816 conturbatis
1670 758 1955 830 omnibuS,
1979 778 2099 816 non

333 865 573 934 poterat.
670 860 923 935 Jamque
963 859 1084 915 dies
1132 864 1467 914 consumtus
1528 863 1668 927 erat,
1729 875 1860 913 cum
1900 862 2095 913 tamen

335 955 560 1011 barbari
584 955 734 1011 nihil
760 955 1071 1024 remittere,
1117 958 1310 1028 atque,
1353 952 1445 1008 uti
1481 970 1644 1027 reges
1686 960 2094 1027 praeceperant,

329 1056 555 1107 noctem
594 1069 699 1125 pro
739 1069 800 1106 se
841 1049 972 1119 rati,
1014 1048 1205 1104 acrius
1244 1047 1476 1106 instare.
1561 1047 1712 1103 Tum
1760 1047 1987 1104 Marius
2023 1068 2099 1108 ex

328 1148 491 1222 copia
527 1166 720 1204 rerum
749 1145 1054 1203 consilium
1083 1142 1283 1214 trahit,
1323 1148 1513 1217 atque,
1556 1144 1647 1199 uti
1683 1144 1802 1200 suis
1837 1147 2100 1219 receptui

326 1242 486 1300 locus
520 1250 701 1313 esset,
723 1242 894 1299 colles
931 1240 1075 1320 duos
1113 1240 1471 1315 propinquos
1510 1240 1668 1297 inter
1708 1259 1769 1297 se
1813 1246 2095 1315 occupat:

327 1357 572 1415 quorum
610 1340 675 1395 in
705 1358 842 1409 un0,
882 1338 1085 1395 castris
1116 1355 1324 1411 parum
1352 1335 1560 1412 amplo,
1590 1336 1720 1393 fons
1746 1355 1909 1412 aquae
1936 1357 2098 1414 mag-

326 1454 435 1491 nus
475 1441 637 1506 eratj,
686 1435 835 1492 alter
871 1434 1005 1491 usui
1046 1439 1420 1509 opportunus,
1480 1432 1632 1507 quia,
1678 1451 1889 1506 magna
1928 1441 2099 1509 parte

326 1531 516 1587 editus
542 1536 601 1586 et
626 1549 890 1606 praeceps,
930 1548 1113 1605 pauca
1145 1528 1508 1584 munimenta
1534 1529 1843 1603 quaerebat.
1928 1529 2098 1586 Oete-

325 1646 454 1684 rum
482 1628 637 1703 apud
663 1647 871 1703 aquam
901 1626 1123 1684 Sullam
1149 1644 1282 1683 cum
1302 1624 1597 1700 equitibus
1615 1631 1844 1682 noctem
1872 1627 2099 1700 agitare

316 1726 500 1800 jubet.
586 1726 723 1803 Ipse
748 1726 1053 1802 paullatim
1085 1725 1369 1800 dispersos
1400 1723 1633 1790 milites,
1667 1742 1856 1798 neque
1896 1726 2098 1783 minus

322 1824 582 1881 hostibus
613 1824 987 1893 conturbatis,
1017 1823 1082 1878 in
1109 1839 1289 1878 unum
1323 1820 1614 1877 contrahit
1638 1840 1650 1876 ε
1694 1820 1828 1877 dein
1855 1829 2100 1878 cunctos

321 1919 493 1993 pleno
532 1919 718 1994 gradu
753 1919 818 1975 in
850 1919 1052 1976 collem
1089 1916 1375 1974 subducit.
1462 1916 1559 1972 Ita
1600 1936 1761 1992 reges
1792 1917 1905 1974 loci
1950 1916 2100 1974 diffi-
2172 1941 2177 1944 ²

323 2013 540 2069 cultate
582 2014 781 2083 coacti,
823 2013 1021 2088 praelio
1063 2013 1472 2088 deterrentur-3
1513 1999 1702 2091 neque
1735 2021 1931 2073 tamen
1958 2036 2099 2074 suos

320 2106 549 2182 longius
604 2107 764 2164 abire
817 2109 1035 2179 sinunt,
1085 2109 1201 2181 sed,
1246 2116 1496 2185 utroque
1535 2111 1678 2168 colle
1713 2112 2099 2171 multitudine

321 2203 689 2275 circumdato,
750 2203 915 2260 effusi
968 2206 1288 2265 consedere.
1373 2206 1541 2279 Dein,
1606 2208 1819 2265 crebris
1857 2209 2099 2284 ignibus

320 2298 503 2369 factis,
552 2299 893 2375 plerumque
931 2301 1119 2356 noctis
1156 2301 1388 2357 barbari
1428 2313 1537 2358 suo
1572 2322 1732 2379 more
1757 2303 1960 2376 laetari,
1989 2322 2097 2360 ex-

319 2392 551 2465 sultare,
594 2399 846 2468 strepere
884 2394 1159 2452 vocibus:
1219 2402 1280 2452 et
1316 2396 1431 2471 ipsi
1469 2397 1642 2455 duces
1680 2398 1906 2470 feroces,
1950 2400 2101 2475 quia

318 2508 437 2544 non
476 2489 759 2563 fugerent,
813 2508 920 2565 pro
975 2490 1294 2548 victoribus
1350 2512 1534 2567 agere.
1618 2492 1734 2549 Sed
1770 2513 1841 2549 ea
1878 2503 2100 2551 cuncta

320 2582 618 2654 Romanis,
661 2602 736 2640 ex
771 2584 1024 2644 tenebris
1057 2591 1117 2643 et
1153 2586 1494 2645 editioribus
1532 2588 1689 2660 locis,
1730 2589 1925 2647 facilia
1956 2591 2098 2648 visu

317 2696 639 2753 magnoque
664 2678 1032 2737 hortamento
1059 2688 1244 2740 erant.

435 2774 670 2835 XCIX.
754 2776 1083 2834 Plurimum
1102 2797 1242 2836 vero
1269 2778 1496 2837 Marius
1515 2780 1809 2857 imperitia
1829 2782 2098 2841 hostium

317 2871 705 2943 confirmatus,
739 2892 915 2948 quam
953 2876 1278 2934 maximum
1312 2876 1612 2935 silentium
1638 2877 1840 2936 haberi
1872 2881 2059 2955 jubet
2083 2904 2097 2939 ε

315 2986 390 3023 ne
429 2967 595 3042 signa
631 2968 885 3042 quidem,
950 2972 1043 3028 uti
1081 2991 1188 3048 per
1224 2972 1456 3048 vigilias
1510 2974 1787 3046 solebant,
1845 2996 2098 3036 canere:

315 3060 538 3133 deinde,
581 3064 685 3120 ubi
721 3064 830 3122 lux
863 3066 1238 3140 adventabat,
1280 3069 1517 3127 defessis
1548 3071 1676 3145 jam
1700 3072 1986 3144 hostibus,
2035 3081 2102 3131 et

316 3156 511 3228 paullo
546 3164 683 3214 ante
716 3177 919 3216 somno
951 3163 1151 3238 captis,
1200 3164 1275 3222 de
1319 3164 1634 3241 improviso
1676 3167 1900 3254 vigiles,
1941 3170 2101 3226 item

316 3248 656 3325 cohortium,
678 3258 1021 3329 turmarum,
1044 3258 1341 3334 legionum
1360 3261 1662 3333 tubicines,
1686 3245 1860 3318 simul
1888 3282 2101 3321 omnae

315 3343 482 3418 signa
518 3366 736 3420 canere,
794 3352 1007 3409 milites
1055 3353 1361 3413 clamorem
1409 3357 1626 3429 tollere,
1669 3364 1846 3433 atque
1899 3359 2103 3434 portis
