2292 3692
587 230 792 291 SALL
805 230 1037 291 USTII
1083 230 1135 289 J
1143 230 1205 290 U
1200 229 1254 290 6¹
1260 230 1558 292 UM’HA.
1931 232 1968 292 9

180 390 428 461 tempus
459 383 534 442 ad
558 388 871 460 utramque
904 401 1031 441 rem
1061 383 1412 452 decernitur,
1438 382 1540 439 sed
1575 383 1862 444 maturius
1893 382 1968 443 ad

180 478 500 556 pecuniam
524 477 1001 564 disnibuendam.
1087 477 1304 554 Reguli
1339 479 1563 536 interea
1596 478 1661 536 in
1685 478 1813 536 loca
1836 497 1969 556 pro-

182 573 417 651 pinqua
442 572 748 645 thesauris,
770 573 921 631 alius
946 574 1080 642 alio,
1102 593 1447 632 concessere.
1504 574 1619 632 Sed
1638 574 1964 653 Hiempsal,

183 670 256 729 in
302 671 518 748 oppido
563 669 879 743 Thu-mida,
931 671 1083 730 forte
1127 672 1253 748 ejus
1289 673 1460 730 domo
1494 673 1790 744 utebatur,
1841 674 1962 750 qui,

184 768 495 845 proximus
532 767 707 828 lictor
736 766 781 826 J
784 768 1067 843 ugurthae‚
1109 787 1277 826 carus
1316 775 1701 845 acceptusque
1741 788 1969 846 semper

184 867 386 924 fuerat
396 884 417 938 3
455 883 631 946 quem
668 865 788 936 ille,
828 884 965 924 casu
988 865 1327 923 ministrum
1353 865 1632 937 oblatum,
1670 865 1970 943 promissis

185 969 415 1032 onerat,
434 964 529 1022 uti
547 970 848 1039 tamquam
866 982 1033 1021 suam
1049 963 1244 1020 visens
1270 962 1507 1019 domum
1530 968 1644 1032 eat,
1666 967 1968 1038 portarum

185 1060 382 1119 claves
415 1059 778 1118 adulterinas
816 1065 1017 1136 paret3
1071 1079 1215 1116 nam
1255 1077 1407 1117 verse
1447 1059 1522 1116 ad
1565 1058 1966 1135 Hiempsalem

188 1156 594 1215 referebantur
605 1175 624 1228 3
678 1163 954 1227 ceterum,
1004 1155 1109 1213 ubi
1151 1174 1245 1213 res
1286 1155 1626 1231 postularet,
1671 1173 1733 1213 se
1773 1156 1961 1231 ipsum

189 1274 328 1313 cum
355 1273 568 1330 magna
591 1272 772 1310 manu
799 1258 1129 1311 venturum.
1215 1250 1479 1309 Numida
1502 1252 1777 1309 mandata
1801 1250 1966 1308 brevi

189 1348 473 1421 confecit3
499 1354 695 1425 atque,
724 1354 796 1407 ut
821 1349 1030 1406 doctus
1055 1353 1198 1419 erat,
1221 1353 1397 1404 noctu
1416 1346 1460 1404 J
1462 1345 1730 1422 ugurthae
1747 1345 1966 1402 milites

190 1445 530 1504 introducit.
616 1443 735 1513 Qui
772 1449 1077 1520 postquam
1115 1443 1183 1500 in
1228 1442 1376 1501 aedes
1421 1442 1700 1518 irrupere,
1751 1440 1967 1499 diversi

190 1558 389 1615 regem
414 1558 670 1615 quaerere
681 1558 700 1612 3
738 1539 1091 1597 dormientes
1114 1539 1277 1611 alios,
1312 1539 1454 1595 alios
1493 1543 1854 1597 occursantes
1877 1538 1967 1594 in-

191 1636 486 1696 terficere:
527 1637 776 1694 serutari
803 1635 931 1694 loca
956 1635 1191 1696 abdita:
1228 1635 1423 1693 clausa
1448 1635 1784 1711 effringere:
1824 1641 1967 1692 stre-

191 1732 325 1808 pitu
350 1738 413 1790 et
428 1731 691 1790 tumultu
716 1730 915 1788 omnia
940 1730 1211 1788 miscere:
1239 1749 1372 1787 cum
1394 1729 1701 1806 Hiempsal
1725 1729 1966 1789 interim

193 1829 501 1905 reperitur,
518 1828 814 1887 occultans
839 1847 902 1885 se
925 1826 990 1884 in
1017 1827 1253 1904 tugurio
1277 1826 1539 1884 mulieris
1565 1819 1813 1898 anciuae,'
1829 1846 1962 1903 quo,

193 1927 384 1999 initio,
426 1926 672 2004 pavidus
711 1933 772 1985 et
809 1927 1048 2003 ignarus
1086 1925 1217 1996 loci,
1260 1926 1606 2002 perfugerat.
1690 1924 1966 1985 Numidae

194 2029 373 2101 caput
396 2024 540 2099 ejus,
571 2024 665 2081 uti
681 2024 835 2100 jussi
860 2031 1044 2095 erant,
1072 2024 1150 2081 ad
1173 2024 1219 2081 J
1222 2023 1537 2100 ugurtham
1563 2022 1843 2081 referunt.

313 2119 505 2182 XIII.
592 2119 870 2182 Ceterum
904 2123 1063 2179 fama
1099 2122 1258 2179 tanti
1289 2121 1562 2182 facinoris
1597 2140 1699 2196 per
1732 2140 1968 2180 omnem

194 2215 464 2276 Africam
489 2216 655 2275 brevi
681 2217 1048 2293 divulgatur:
1090 2218 1489 2275 Adherbalem
1512 2235 1839 2297 omnesque,
1863 2216 1968 2293 qui

196 2313 307 2370 sub
330 2311 576 2389 imperio
606 2311 869 2389 Micipsae
899 2315 1151 2386 fuerant,
1196 2321 1388 2372 metus
1424 2313 1684 2371 invadit:
1725 2313 1791 2370 in
1822 2313 1969 2372 duas

197 2414 392 2487 partes
430 2409 767 2469 discedunt:
810 2412 1005 2487 plures
1045 2413 1446 2471 Adherbalem
1487 2418 1828 2488 sequuntur,
1866 2413 1968 2472 sed

197 2507 366 2568 illum
402 2506 657 2564 alterum
694 2507 850 2565 bello
880 2507 1159 2568 meliores,
1246 2508 1440 2584 Igitur
1464 2508 1510 2565 J
1511 2507 1766 2584 ugurtha
1790 2527 1968 2584 quam

199 2603 481 2662 maximas
518 2608 712 2679 potest
751 2605 943 2681 copias
968 2611 1160 2662 armat
1170 2626 1189 2677 3
1230 2607 1418 2676 urbes,
1463 2604 1678 2680 partim
1704 2605 1782 2675 vi,
1824 2605 1969 2663 alias

199 2696 516 2770 voluntate,
557 2698 803 2776 imperio
842 2720 948 2758 suo
986 2701 1289 2776 adjungit3
1330 2701 1490 2757 omni
1528 2700 1826 2759 Numidiae
1863 2701 1969 2759 im·

200 2811 400 2869 perare
463 2801 644 2871 parat.
746 2797 1067 2868 Adherbal,
1123 2796 1362 2855 tametsi
1429 2797 1680 2854 Romam
1747 2797 1969 2874 legatos

200 2890 449 2962 miserat,
494 2890 601 2968 qui
638 2900 905 2953 senatum
944 2894 1220 2952 docerent
1245 2893 1318 2952 de
1349 2894 1501 2951 caede
1535 2893 1735 2951 fratris
1770 2899 1832 2951 et
1855 2895 1969 2952 for-

201 2988 359 3046 tunis
383 2989 508 3046 suis
518 3008 537 3061 3
560 2994 776 3063 tamen,
801 2991 987 3048 fretus
1011 2990 1396 3048 multitudine
1420 2988 1696 3061 militum,
1726 2991 1969 3066 parabat

202 3084 373 3142 armis
413 3085 775 3144 contendere.
857 3085 988 3156 Sed,
1037 3086 1143 3142 ubi
1190 3105 1285 3143 res
1324 3085 1401 3143 ad
1439 3091 1736 3143 certamen
1780 3086 1963 3157 veuit,

203 3179 389 3237 victus
435 3197 513 3237 ex
551 3181 756 3257 proelio
796 3181 1056 3258 profugit
1098 3182 1163 3238 in
1211 3182 1589 3257 provinciam,
1644 3200 1713 3239 ao
1757 3181 1967 3240 deinde

205 3273 451 3334 Romam
482 3277 800 3336 contendit.
885 3277 1036 3335 Tum
1072 3278 1115 3335 J
1116 3278 1386 3355 ugurtha,
1414 3276 1660 3354 patratis
1692 3276 1963 3349 consiliis,

204 3378 509 3450 postquam
546 3374 736 3435 omnis
775 3374 1076 3433 Numidiae
1109 3376 1458 3451 potiebatur,
1500 3373 1565 3430 in
1591 3372 1713 3429 otio
1743 3371 1968 3430 facinus
