2292 3692
317 237 351 293 2
746 233 1187 295 SALLUSTJI
1235 235 1657 299 CATILINA.

312 387 707 445 Athenienses
733 406 953 464 coepepe
979 387 1154 446 urbes
1181 393 1371 464 atque‘
1386 388 1656 445 nationes
1691 386 1973 461 subigere,
2001 384 2092 443 lu-

219 484 225 489 ’
312 482 571 541 bidinem
610 482 950 540 dominandi
1000 499 1280 552 caussam*
1299 484 1441 541 belli
1479 483 1710 555 habere,
1767 484 2089 540 maximam

309 577 555 654 gloriam
583 578 648 635 in
674 579 933 634 maximo
959 579 1205 654 imperio
1231 586 1440 655 putare
1458 599 1478 652 3
1516 587 1647 638 tum
1678 581 1914 638 demum
1939 582 2090 656 peri-

311 674 443 731 culo
469 681 648 750 atque
676 675 926 755 negotiis
960 682 1322 751 compertum
1351 682 1443 732 est
1487 677 1553 733 in
1573 676 1739 753 ,bello
1766 675 2088 752 plurimum

308 772 612 847 ingenium
650 766 830 848 posse.
915 772 1085 841 Quod
1100 838 1112 849 „
1125 773 1179 829 si
1215 792 1419 847 regum
1452 777 1629 848 atque
1667 772 2106 847 imperatorum-

308 867 493 924 animi
527 868 720 938 virtus
757 867 823 924 in
863 886 1002 942 pace
1039 869 1158 939 ita,
1190 868 1283 925 nti
1322 867 1385 931 in
1424 866 1595 938 bello,
1628 867 1866 936 valeret,
1894 886 2112 949 sequa-0

312 963 490 1020 bilius
528 968 707 1038 atque
747 964 1113 1025 constantius
1152 983 1288 1026 sese.
1313 983 1406 1021 res
1448 963 1719 1029 humanae
1756 964 2081 1037 haberent3

305 1073 496 1132 neque
521 1056 683 1114 aliud
710 1056 826 1118 alio
852 1057 1007 1135 ferri,
1050 1076 1242 1135 neque
1280 1058 1501 1115 mutari
1534 1078 1602 1115 ac
1632 1059 1861 1116 misceri
1887 1060 2085 1117 omnia

308 1169 586 1210 cerneres.
670 1151 831 1208 Nam
855 1153 1169 1228 imperium
1201 1152 1371 1228 facile
1401 1151 1497 1210 his
1522 1154 1749 1210 artibus
1774 1155 2081 1222 retinetur,

305 1246 518 1321 quibus
557 1247 733 1304 initio
768 1253 1003 1323 partum
1036 1255 1140 1308 est.
1224 1247 1468 1320 Verum,
1481 1246 1604 1305 ubi
1630 1267 1736 1324 pro
1762 1248 1958 1307 labore
1984 1249 2081 1308 de-

307 1343 471 1415 sidia,
496 1362 604 1420 pro
623 1344 986 1400 continentia
1007 1340 1068 1401 e't
1091 1343 1369 1419 aequitate
1389 1344 1588 1401 lubido
1614 1351 1792 1420 atque
1810 1344 2083 1420 superbia

303 1439 583 1517 invasere,
612 1408 853 1495 fortuna
879 1437 1054 1496 simul
1080 1428 1214 1495 cum
1240 1438 1501 1496 moribus
1530 1438 1897 1498 immutatur.
1980 1439 2091 1512 Ita·

303 1535 615 1610 imperium
641 1553 868 1610 semper
891 1533 966 1592 ad
1002 1535 1291 1610 optimum
1329 1554 1617 1611 quemque
1641 1554 1681 1591 a
1704 1535 1900 1592 minus
1923 1535 2081 1593 bono

302 1631 667 1690 transfertur.
754 1631 898 1700 Quae
922 1632 1189 1690 homines
1216 1638 1402 1703 arant,
1442 1632 1740 1708 navigant,
1771 1633 2076 1705 aedificant,

302 1730 516 1788 virtuti
542 1729 740 1786 omnia
763 1735 985 1806 parent.
1058 1728 1175 1787 Sed
1199 1729 1375 1786 multi
1400 1729 1691 1801 mortales,
1728 1729 1912 1787 dediti
1938 1748 2078 1786 ven-

300 1829 382 1909 tri
423 1833 602 1904 atque
636 1847 854 1896 somno,
887 1827 1108 1885 indocti
1133 1827 1459 1903 incultique
1484 1827 1689 1898 vitam,
1718 1826 1892 1883 sicuti
1918 1844 2079 1901 pere-

301 1923 614 1999 grinanteS,
644 1906 973 1999 transegere
992 1941 1011 1995 3
1051 1923 1266 1999 quibus
1283 1922 1539 1998 profecto
1558 1923 1760 1979 cont‘ra
1777 1926 2070 1992 naturam,

302 2039 509 2097 corpus
534 2019 844 2096 voluptati,
873 2020 1070 2076 anima
1095 2020 1261 2078 oneri
1285 2019 1416 2078 fuit.
1501 2019 1740 2087 Eorum*
1757 2037 1862 2094 ego
1886 2018 2076 2076 vitam

301 2120 661 2190 mortemque
679 2115 860 2189 juxta
883 2116 1121 2186 aestimo,
1161 2114 1439 2191 quoniam
1472 2112 1545 2171 de
1572 2120 1821 2190 utraque
1845 2112 2071 2172 siletur.

299 2208 526 2267 Verum
565 2210 724 2267 enim
762 2229 902 2267 vero
939 2211 992 2268 is
1030 2210 1266 2268 demum
1305 2210 1453 2268 mihi
1491 2210 1690 2267 vivere
1738 2215 1916 2286 atque
1952 2210 2076 2267 frui

299 2305 495 2362 anima
531 2305 781 2378 videtur,
821 2306 941 2381 qui,
977 2306 1182 2385 ,aliquo
1218 2307 1452 2382 negotio
1485 2306 1766 2377 intentus,
1808 2305 2073 2382 praeclari

298 2401 583 2473 facinoris,
614 2406 717 2458 aut
742 2402 887 2458 artis
911 2403 1077 2460 bonae
1105 2404 1320 2460 famam
1345 2401 1569 2478 quaerit.
1651 2401 1785 2471 Sed,
1822 2400 1889 2457 in
1914 2418 2074 2476 mag-

296 2516 377 2555 na
401 2498 566 2574 copia
588 2516 800 2568 rerum,
829 2499 992 2556 aliud
1018 2499 1122 2556 alii
1147 2506 1363 2558 natura
1387 2499 1503 2557 iter
1527 2497 1800 2556 ostendit.

416 2595 542 2653 ΙΙΙ.
627 2594 950 2653 Pulchrum
978 2601 1066 2653 est
1091 2597 1239 2654 bene
1263 2597 1451 2653 facere
1477 2594 1847 2671 reipublicae:
1889 2592 2071 2651 etiam

295 2693 443 2750 bene
479 2691 668 2749 dicere
704 2691 862 2749 haud
906 2692 1225 2765 absurdum
1260 2699 1363 2751 est.
1446 2692 1565 2751 'Vel
1591 2711 1746 2768 pace,
1774 2691 1871 2749 vel
1896 2689 2067 2762 bello,

295 2768 870 2848 cffit‘fi—fierilscet:
911 2797 973 2847 et
1009 2793 1113 2867 qui
1153 2792 1354 2863 fecere,
1401 2797 1464 2849 et
1499 2792 1604 2867 qui
1639 2791 1795 2847 facta
1818 2779 2071 2846 aliorum

294 2888 586 2964 scripsere,
616 2887 792 2944 multi
818 2886 1147 2945 laudantur.
1232 2888 1330 2946 Ac
1365 2886 1512 2945 mihi
1547 2886 1798 2963 quidem,
1832 2882 2069 2941 tametsi

291 2984 744 3060 haudquaquam
780 3002 887 3058 par
915 2983 1105 3059 gloria
1142 2990 1426 3060 sequatur
1464 2984 1805 3059 scriptorem
1840 2985 1903 3038 et
1935 2998 2069 3037 auc-

290 3085 478 3136 torem
532 3097 744 3151 rerum,
803 3086 1002 3138 tamen
1054 3080 1123 3137 in
1167 3081 1373 3156 primis
1411 3079 1662 3137 arduum
1698 3076 1936 3135 videtur
1971 3094 2069 3134 res

288 3179 476 3248 gestas
510 3176 758 3233 scribere
783 3197 796 3234 :
839 3178 1113 3253 primum,
1154 3177 1314 3252 quod
1344 3176 1499 3233 facta
1533 3175 1706 3232 dictis
1742 3178 1885 3231 sunt
1917 3166 2070 3229 exm-

288 3270 558 3344 quanda:
599 3272 826 3344 dehinc,
855 3274 997 3350 quia
1027 3270 1322 3350 plerique,
1346 3288 1476 3348 quse
1513 3270 1725 3331 delicta
1758 3267 2070 3347 reprehen-

289 3365 456 3441 deris,
496 3354 909 3428 malevolentia
957 3375 1018 3427 et
1064 3369 1290 3426 invidia
1338 3369 1495 3425 dicta
1532 3372 1788 3444 putant:
1844 3364 1949 3423 ubi
1988 3363 2066 3421 de

2245 3156 2285 3481 ᾼᾴῌᾈ,
2275 3011 2285 3125 ,.-..,..ι
2273 2594 2285 2991 μμ*
2261 2546 2284 2565 l„
