2292 3692
303 239 388 299 12-
736 233 939 296 SALL
950 233 1140 293 USTI
1137 233 1180 292 I
1228 231 1655 294 C'ATILINA.

297 387 663 466 interrogati,
717 405 917 464 poenas
969 385 1265 446 dederant.
1356 385 1502 447 Post
1553 385 1749 462 paullo
1797 385 2069 457 Catilina,

297 487 677 584 pecuniarum
697 483 1173 560 repetundarum
1211 501 1363 553 rena
1403 483 1733 559 prohibitus
1773 490 1900 541 erat
1939 502 2071 541 con-

299 581 557 641 sulatum
568 552 820 655 petere,
874 578 1031 655 quod
1083 579 1245 636 intra
1285 576 1587 654 legitimos
1640 577 1763 635 die's
1814 579 2073 654 profiteri

259 675 646 752 ‚nequiverit
727 673 875 732 Erat
925 673 1130 731 eodem
1182 678 1444 750 tempore
1497 673 1602 733 Cn.
1653 672 1806 746 Piso,
1861 668 2076 733 adoles·

300 792 437 832 cens
475 770 705 841 nobilis,
745 790 987 829 summae
1025 770 1297 841 audaeiae,
1343 788 1530 863 egens,
1572 767 1862 840 factiosus,
1901 787 2120 861 quem

301 868 379 926 ad
401 867 856 945 perturbandam
875 865 1331 942 rempublicam
1315 865 1514 954 inopia
1529 858 1706 940 atque
1728 849 1867 922 mali
1887 883 2073 921 mores

301 962 704 1023 stimulabant.
787 961 942 1028 Cum
975 961 1086 1019 hoc
1126 960 1385 1021 Catilina
1426 966 1489 1018 et
1526 959 1876 1031 Autronius,
1923 960 2076 1017 circa

304 1059 512 1117 Nonas
539 1058 908 1128 Decembres,
937 1057 1178 1115 consilio
1204 1056 1645 1128 communicate,
1689 1056 1973 1131 parabant
2012 1055 2079 1112 in

305 1153 613 1230 Capitoli0‚
657 1151 948 1225 Kalendis
985 1151 1306 1222 Januariis,
1348 1150 1414 1211 L.
1457 1151 1691 1219 Cottam
1731 1156 1792 1211 et
1831 1150 1899 1210 L.
1941 1134 2082 1207 Tor-

305 1256 555 1326 quatum
595 1248 859 1306 consules
898 1247 1267 1317 interficer03
1318 1246 1450 1323 ipsi,
1491 1246 1741 1304 fascibus
1779 1248 2074 1322 correptis,

308 1344 589 1403 Pisonem
627 1362 762 1400 cnm
801 1342 1065 1400 exercitu
1103 1342 1181 1399 ad
1220 1341 1564 1399 obtinendas
1589 1326 1732 1398 duas
1760 1340 2080 1416 Hispanias

307 1441 559 1498 mittere.
643 1439 734 1498 Ea
771 1458 836 1496 re
877 1439 1127 1514 cognita,
1169 1458 1374 1501 rursus
1412 1440 1478 1495 in
1502 1438 1709 1497 Nonas
1734 1438 2079 1518 Februarias

307 1537 618 1597 consilium
645 1537 816 1594 caedis
841 1535 1284 1596 transtulerant.
1365 1535 1503 1603 Jam
1530 1541 1661 1594 tum
1687 1554 1807 1592 non
1833 1535 2079 1603 consuli-

307 1631 417 1689 bus
441 1630 628 1703 modo,
657 1630 757 1688 sed
782 1631 1087 1706 plurisque
1105 1630 1484 1702 senatoribus,
1525 1631 1836 1709 perniciem
1865 1630 2083 1687 maehi-

307 1727 619 1787 nabantur.-
722 1727 893 1796 Quod
943 1728 1009 1784 ni
1058 1724 1315 1795 Catilina
1365 1733 1713 1785 maturasset
1763 1716 1879 1804 pro'
1921 1727 2108 1786 curia*

309 1824 356 1881 si
360 1842 543 1899 gnum
581 1823 752 1883 sociis
791 1823 943 1895 dare,
988 1842 1055 1881 eo
1070 1820 1079 1823 ’
1095 1822 1193 1880 die
1231 1829 1360 1898 post
1399 1822 1695 1880 conditam
1728 1825 1932 1881 urbem
1968 1824 2090 1881 Ro-

309 1937 541 1977 manam
567 1919 877 1995 pessimum
914 1912 1138 1976 facinus
1180 1924 1476 1993 patratum
1504 1917 1676 1993 foret.
1756 1919 1910 1987 Quia
1927 1938 2090 2003 ‘non-

298 2001 454 2073 dum
491 2014 821 2091 frequentes
854 2014 1075 2073 armati
1103 2018 1497 2072 convenerant
1535 2032 1605 2071 ea
1642 2032 1734 2073 res
1773 2013 2086 2071 consilium

311 2111 563 2171 diremit.

431 2206 617 2265 XIX.
688 2207 898 2266 Postea
917 2209 1055 2285 Piso
1081 2208 1146 2265 in
1175 2208 1500 2267 citeriorem
1522 2206 1878 2283 Hispaniam
1903 2188 2090 2283 qtiaes-

312 2309 411 2363 tor
461 2324 565 2381 pro
615 2311 862 2381 praetore
901 2306 1110 2363 missus
1151 2311 1256 2376 est,
1313 2304 1617 2365 adnitente
1659 2302 1881 2372 Crasse,
1927 2300 2100 2378 q'uod.

313 2418 450 2459 eum
475 2400 754 2459 infestum
780 2400 1084 2457 inimicum
1106 2398 1212 2459 Cn.
1232 2397 1511 2474 Pompeio
1537 2394 1899 2472 cognoverat.
1964 2393 2088 2452 Ne-

315 2512 431 2571 que
455 2499 654 2552 tamen
680 2499 915 2553 senatus
939 2495 1301 2571 provinciam
1326 2493 1551 2550 invitus
1571 2492 1809 2549 dederat
1821 2510 1840 2563 5
1867 2490 2087 2567 quippe

316 2590 532 2649 foedum
552 2589 846 2648 bominem
867 2611 902 2649 a
916 2576 1214 2667 republica
1238 2588 1442 2666 procul
1461 2607 1581 2647 esse
1599 2589 1861 2660 volebat-3
1892 2585 2088 2667 simul,

317 2688 457 2764 quia
480 2686 622 2743 boni
646 2687 969 2762 complures
992 2687 1326 2763 praesidium
1351 2685 1417 2742 in
1443 2703 1510 2741 eo
1536 2682 1826 2763 putabant
1838 2701 1856 2754 ;
1883 2689 1943 2739 et
1959 2682 2092 2758 jam

317 2788 449 2841 tum
489 2782 750 2858 potentia
791 2782 895 2842 Cn.
941 2782 1207 2858 Pompeii
1244 2781 1613 2838 formidolosa
1652 2784 1790 2837 erat.
1882 2776 2093 2865 Sedis

319 2879 456 2937 Piso
482 2881 547 2937 in
572 2878 871 2956 provincia
894 2858 969 2937 ab
996 2878 1293 2955 equitibus
1319 2876 1618 2953 Hispanis,
1647 2894 1792 2951 quos
1826 2873 1891 2931 in
1925 2890 2094 2929 exer-

319 2977 443 3035 citu
481 2977 775 3048 ductabat,
814 2977 931 3034 iter
967 2977 1183 3033 faciens
1222 2975 1440 3032 occisus
1478 2979 1598 3057 est3,
1667 2970 1821 3028 Sunt
1859 2969 1965 3045 qui
2002 2968 2096 3049 ita

321 3072 541 3143 dicunt,
561 3073 806 3147 imperia
826 3071 951 3147 ejus
977 3071 1209 3147 injusta,
1232 3070 1495 3145 superba,
1518 3066 1789 3136 crudelia,
1811 3065 2096 3122 barbaros

322 3167 651 3244 nequivisse
676 3167 802 3243 pati
825 3186 840 3227 z
879 3166 982 3223 alii
1007 3173 1218 3236 autem,
1256 3166 1480 3241 equites
1511 3163 1660 3233 illos,
1692 3160 1799 3220 Cn.
1823 3159 2097 3236 Pompeii

323 3269 550 3321 veteres
587 3261 845 3339 fidosque
883 3262 1139 3333 clientes,
1170 3261 1477 3318 voluntate
1516 3259 1640 3335 ejus
1680 3257 1956 3315 Pisonem
1993 3256 2100 3314 ad-

323 3381 544 3441 gressos
563 3382 583 3439 3
648 3380 951 3438 nunquam
1004 3361 1303 3437 Hispanos
1352 3365 1633 3437 praeterea
1695 3357 1813 3416 tale
1865 3356 2100 3417 facinus
