2292 3692
335 234 410 291 42
742 230 943 291 SALL
955 227 1186 291 USTII
1232 225 1286 287 J
1294 229 1353 288 U
1350 228 1400 288 G
1411 217 1704 288 URTHA.

334 384 720 462 conspicatur:
742 385 929 460 primo
944 383 1174 453 dubius,
1186 381 1467 458 quidnam
1485 379 1723 437 insolita
1736 379 1914 437 facies
1927 379 2122 438 osten-

333 480 498 538 deret
517 479 677 549 (nam
698 482 857 538 inter
875 479 1131 555 virgulta
1147 478 1289 554 equi
1307 476 1700 552 Numidaeque
1718 476 2116 545 consederant,

332 594 523 651 neque
563 576 737 651 plane
775 574 1051 633 occultati
1089 572 1427 630 humilitate
1471 572 1760 643 arborum,
1805 576 1867 629 et
1910 576 2116 628 tamen

332 669 559 743 incerti,
590 671 871 747 quidnam
907 675 1074 740 esset,
1105 687 1242 727 cum
1268 675 1480 725 natura
1505 666 1633 738 loci,
1662 671 1793 724 tum
1818 665 1972 739 dolo,
2000 665 2116 743 ipsi

331 771 510 842 atque
551 766 716 841 signa
755 764 1033 822 militaria
1076 761 1406 840 obscurati),
1449 762 1600 833 dein,
1644 761 1812 820 brevi
1863 763 2115 838 cognitis

329 861 577 931 insidiis,
608 861 924 937 paullisper
961 878 1169 934 agmen
1211 858 1550 916 constituit:
1598 857 1699 929 ibi,
1739 858 2115 915 commutatis

331 957 635 1014 ordinibus
654 958 719 1013 in
738 957 980 1013 dextero
1001 956 1198 1026 latere,
1220 953 1375 1030 quod
1395 953 1728 1029 proximum
1748 952 1946 1010 hostes
1964 963 2110 1026 erat,

332 1052 663 1128 triplicibus
702 1052 974 1110 subsidiis
1012 1051 1198 1108 aciem
1238 1050 1560 1109 instruxit:
1602 1050 1760 1107 inter
1783 1051 2115 1127 manipulos

332 1148 659 1206 funditores
698 1155 760 1205 et
797 1144 1127 1223 sagittarios
1167 1145 1476 1220 dispertit:
1518 1145 1846 1220 equitatum
1878 1161 2113 1203 omnem

329 1245 397 1304 in
436 1246 707 1302 cornibus
745 1244 935 1302 locat:
976 1261 1063 1314 ac,
1089 1259 1274 1316 panca
1310 1259 1415 1315 pro
1449 1246 1710 1316 tempore
1735 1240 1952 1299 milites
1979 1242 2113 1299 hor-

333 1349 511 1411 tatus,
548 1343 748 1412 aciem,
778 1340 951 1397 sicuti
991 1339 1373 1409 instruxerat,
1402 1338 1748 1395 transversis
1785 1339 2109 1415 principii&

330 1439 398 1498 in
424 1438 667 1513 planum
693 1436 942 1497 deducit.

452 1534 518 1595 L.
605 1535 737 1606 Sed,
760 1535 863 1592 ubi
890 1533 1183 1592 Numidas
1202 1534 1446 1611 quietos,
1470 1552 1657 1610 neque
1683 1479 1827 1591 colle
1852 1533 2110 1610 degredi'

331 1632 765 1702 animadvertit,
788 1632 1027 1703 veritus,
1054 1650 1132 1688 ex
1158 1631 1301 1688 anni
1324 1636 1586 1706 tempore
1612 1636 1673 1687 et
1698 1630 1897 1705 inopia
1922 1642 2110 1705 aquae}

332 1748 408 1787 ne
448 1729 551 1786 siti
588 1729 967 1787 conficeretur
1005 1728 1313 1798 exercitus,
1344 1726 1639 1784 Rutilium
1679 1728 1937 1803 legatum
1974 1747 2110 1785 cum

334 1825 620 1901 expeditis
672 1824 1006 1881 cohortibus
1058 1830 1120 1881 et
1173 1829 1339 1899 parte
1393 1823 1657 1899 equitum
1704 1824 1989 1899 praemisit
2034 1827 2111 1883 ad

332 1921 565 1991 fiumen,
632 1920 723 1977 uti
785 1919 977 1977 locum
1040 1918 1245 1977 castris
1305 1921 1691 1994 antecaperet,
1747 1919 2106 1992 existimanS,

332 2016 527 2074 hostes
567 2019 766 2073 crebro
805 2016 1032 2091 impetu
1072 2022 1134 2071 et
1173 2015 1518 2071 transversis
1557 2013 1771 2090 praeliis
1795 2015 1913 2072 iter
1936 2035 2110 2073 suum

334 2121 739 2184 remoraturos,
782 2119 857 2184 et,
902 2112 1180 2187 quoniam
1219 2110 1397 2168 armis
1435 2111 1777 2182 diffiderent,
1819 2112 2111 2169 lassitudi-

332 2227 470 2265 nem
509 2214 571 2265 et
609 2209 770 2265 sitim
812 2208 1068 2264 militum
1106 2213 1454 2266 tentaturos.
1538 2205 1696 2264 Dein
1731 2206 1870 2282 ipse,
1901 2225 2008 2283 pro
2047 2227 2111 2264 re

333 2311 510 2379 atque
550 2302 692 2372 loco,
735 2302 909 2359 sicuti
954 2308 1157 2359 monte
1202 2302 1590 2372 descenderat,
1634 2302 1939 2377 paullatim
1982 2323 2109 2379 pro⁴

334 2398 537 2455 cedere
561 2416 575 2455 ε
613 2397 873 2454 Marium
899 2403 1032 2473 post
1051 2397 1339 2473 principia
1355 2396 1570 2454 habere
1594 2416 1607 2454 ε
1647 2398 1769 2473 ipse
1789 2417 1925 2455 cum
1945 2399 2110 2455 sinis·

333 2500 439 2550 trae
479 2492 585 2549 alae
632 2494 927 2568 equitibus
967 2512 1104 2564 esse,
1133 2493 1239 2567 qui
1278 2494 1342 2549 in
1380 2492 1613 2567 agmine
1647 2493 1938 2569 principes
1973 2495 2110 2550 facti

334 2599 518 2650 erant,
602 2591 694 2649 At
731 2590 776 2648 J
780 2590 1049 2665 ugurtha,
1093 2590 1197 2646 ubi
1244 2595 1570 2646 extremum
1625 2607 1834 2664 agmen
1879 2589 2110 2647 Metelli

333 2690 553 2765 primos
579 2707 711 2745 suos
738 2692 1206 2762 praetergressum
1232 2684 1410 2751 videt,
1440 2683 1708 2759 praesidio
1735 2684 1904 2760 quasi
1928 2685 2110 2743 duum

335 2783 587 2841 millium
610 2782 872 2857 peditum
894 2786 1154 2836 montem
1174 2785 1432 2854 occupat,
1452 2797 1569 2855 qua
1589 2780 1866 2838 Metellus
1885 2781 2114 2840 descen-

336 2882 542 2950 derat3
581 2897 656 2933 ne
683 2876 834 2932 forte
860 2875 1201 2931 cedentibus
1227 2875 1570 2931 adversariis
1595 2876 1871 2951 receptui,
1890 2889 1959 2933 ae
1985 2885 2114 2953 poa

336 2975 703 3034 munimento
722 2972 873 3028 foret
898 2991 913 3028 z
947 2971 1084 3028 dein
1105 2977 1360 3046 repente,
1380 2971 1544 3046 signo
1565 2970 1720 3044 dato,
1744 2972 1937 3030 hostes
1957 2974 2114 3030 inva-

335 3071 441 3129 dit.
515 3067 809 3133 Numidas,
825 3066 929 3123 alii
949 3072 1270 3141 postremos
1289 3067 1506 3124 caedere
1527 3087 1545 3139 3
1581 3086 1715 3142 pars
1733 3087 1771 3124 a
1788 3069 2115 3127 sinistram

337 3165 582 3222 dextera
599 3168 829 3221 tentare
854 3179 867 3222 ε
901 3162 1115 3218 infensi
1136 3162 1335 3219 adesse
1353 3168 1532 3238 atque
1551 3162 1771 3220 instare
1786 3183 1809 3238 3
1845 3166 2116 3223 omnibus

337 3260 479 3318 locis
519 3260 918 3317 Romanorum
959 3257 1193 3314 ordines
1212 3259 1617 3329 *conturbare3
1659 3277 1908 3335 quorum
1938 3260 2112 3320 etiam

339 3355 444 3433 qui
470 3352 822 3410 firmioribus
849 3352 1063 3408 animis
1077 3353 1248 3418 ‚obvii
1274 3352 1540 3412 hostibus
1559 3352 1809 3425 fuerant,
1833 3351 2118 3412 ludificati
