2292 3692
191 141 222 162 x

259 197 300 226 Na

610 249 806 308 SALL
818 246 1048 305 USTII
1093 247 1147 303 J
1153 247 1207 303 U
1207 246 1256 305 G
1268 244 1561 304 URTHA.
1901 245 1976 362 ΘΞ

206 400 416 476 procul
461 401 656 456 abesse
680 398 725 457 :”
768 398 958 470 simul,
999 400 1091 480 Effi
1130 402 1308 454 noctu
1344 396 1490 454 clam
1536 414 1727 453 secum
1786 395 1979 480 profu'-
1998 373 2075 428 Lm
2134 455 2145 466 ,
2178 375 2201 430 Γ

2018 469 2101 498 542¹·
2136 477 2177 488 ιιι.

209 502 392 572 geret,
422 501 587 571 rogat
612 501 788 570 atque
820 493 1103 549 hortatur.
1188 492 1300 549 Ille
1347 493 1540 549 animo
1579 493 1755 549 feroci
1783 500 1974 568 negat,

214 598 255 628 “
273 613 334 649 se
361 594 534 648 toties
560 592 754 647 fusum
780 589 1100 646 Numidam
1127 591 1526 664 pertimescere
1539 609 1556 660 ;
1597 588 1812 645 virtuti
1850 607 1978 645 suo-

209 710 349 748 rum
375 691 513 747 satis
539 689 798 746 credere:
841 689 1015 743 etiam
1053 688 1103 743 si
1142 693 1302 744 certa
1343 687 1518 762 pestis
1551 687 1789 756 adesset,
1818 704 1978 742 man·

210 804 416 841 surum
443 787 652 860 potius,
681 804 855 859 quam
884 785 1144 860 proditiS,
1176 802 1320 859 quos
1348 782 1610 853 ducebat,
1640 783 1803 858 turpi
1841 783 1980 857 fuga

209 881 466 951 incertae,
504 900 570 938 ac
596 881 839 938 forsitan
867 886 997 956 post
1021 880 1219 956 paullo
1248 878 1446 936 morbo
1472 878 1810 948 interiturae,
1840 877 1978 933 vitae
2032 883 2079 938 „s

209 975 524 1053 parceret.’'
588 976 877 1048 Ceterum,
907 978 981 1033 ab
1008 977 1210 1033 eodem
1236 978 1510 1046 monime,
1535 976 1625 1031 uti
1651 981 1826 1031 noctu
1853 993 1979 1049 pro-

210 1073 623 1144 ficiscerentur,
667 1072 970 1129 consilium
1015 1072 1296 1146 adprobat
1324 1091 1337 1128 :
1392 1090 1457 1129 ac
1510 1073 1710 1128 statim
1764 1071 1980 1125 milites

212 1173 465 1224 coenatos
503 1186 638 1239 esse,
683 1167 748 1223 in
780 1170 981 1225 castris
1021 1169 1183 1244 ignes
1218 1187 1393 1244 quam
1425 1168 1796 1224 creberrimos
1834 1166 1975 1238 fleri,

212 1263 353 1319 dein
382 1264 568 1338 prima
593 1264 794 1338 vigilia
819 1264 1053 1320 silentio
1079 1264 1289 1339 egredi,
1311 1264 1496 1338 jubet.
1568 1263 1821 1337 Jamque
1846 1279 1980 1318 noc-

210 1363 393 1414 turno
432 1359 643 1415 itinere
683 1359 846 1416 fessis
886 1359 1168 1429 omnibus,
1214 1359 1378 1416 Sulla
1415 1359 1637 1435 pariter
1674 1378 1808 1415 cum
1847 1365 1981 1414 ortu

211 1453 353 1509 solis
383 1461 571 1510 castra
606 1455 947 1526 metabatur,
992 1474 1124 1512 cum
1167 1456 1390 1530 equites
1434 1453 1633 1511 Mauri
1677 1455 1979 1525 nunciant,

219 1547 306 1604 “J
310 1548 621 1625 ugurtham
643 1550 875 1606 circiter
900 1550 1084 1606 duum
1109 1550 1365 1607 millium
1392 1550 1701 1608 intervallo
1722 1559 1860 1607 ante
1888 1568 1984 1606 eos

213 1644 586 1702 consedisse.’'
671 1644 839 1713 Quod
879 1650 1188 1720 postquam
1226 1645 1510 1715 auditum,
1553 1652 1683 1702 tum
1721 1665 1860 1703 vero
1898 1646 1984 1702 in-

211 1759 358 1814 gens
383 1747 573 1797 metus
598 1747 825 1797 nostros
851 1740 1107 1797 invadit:
1150 1740 1377 1796 credere
1404 1741 1662 1815 proditos
1686 1759 1723 1796 a
1737 1739 1979 1810 Voluce,

214 1845 278 1893 et
296 1835 524 1892 insidiis
545 1836 981 1894 circumventos,
1067 1836 1163 1892 Ac
1189 1836 1366 1907 fuere,
1388 1836 1492 1912 qui
1508 1837 1783 1906 dicerent,
1805 1854 1984 1892 manu

212 1929 649 2002 vindicandum,
670 1950 856 2006 neque
882 1931 1038 2006 apud
1063 1932 1234 1988 illum
1260 1937 1495 1988 tantum
1521 1931 1703 1989 scelus
1728 1931 1984 1987 inultum

214 2025 686 2100 relinquendum.

341 2120 540 2179 GVH.
623 2121 714 2177 At
756 2121 934 2192 Sulla,
966 2141 1317 2197 quamquam
1358 2122 1556 2179 eadem
1595 2118 1980 2190 existimabat,

214 2221 418 2273 tamen
457 2217 531 2274 ab
570 2217 785 2292 injuria
825 2217 1104 2275 Maurum
1156 2217 1456 2294 prohibet:
1516 2235 1648 2274 suos
1696 2217 1982 2286 hortatur,

221 2312 361 2368 “uti
386 2312 594 2368 fortem
620 2315 880 2369 animum
907 2320 1174 2388 gererent
1198 2334 1211 2371 ε
1252 2333 1401 2388 saepe
1426 2321 1600 2370 antea
1626 2313 1821 2388 paucis
1848 2317 1988 2369 stre-

215 2407 356 2464 nuis
382 2406 689 2463 adversum
716 2408 1156 2465 multitudinem
1186 2409 1332 2466 bene
1370 2414 1724 2484 pugnatum:
1767 2414 1987 2483 quanto

218 2503 333 2559 sibi
358 2501 423 2557 in
449 2502 646 2576 praelio
672 2504 866 2560 minus
905 2505 1310 2579 pepercissent,
1341 2510 1508 2562 tanto
1547 2504 1788 2561 tutiores
1827 2504 1984 2563 fore:

2028 2555 2071 2580 ““>

219 2614 330 2652 nec
344 2613 692 2671 quemquam
714 2599 929 2671 decere,
948 2600 1052 2674 qui
1079 2618 1287 2677 mjfflffllss
1307 2600 1634 2669 armaverit,
1657 2599 1731 2655 ab
1751 2599 1990 2655 inermis
2043 2619 2065 2646 r

220 2694 466 2767 pedibus
505 2695 789 2751 auxilium
830 2704 1040 2769 petere,
1082 2695 1149 2750 in
1186 2696 1440 2751 maximo
1480 2702 1641 2751 metu
1678 2694 1901 2750 nudum
1930 2706 1991 2750 et

220 2806 436 2844 caecum
462 2807 667 2863 corpus
706 2789 781 2845 ad
820 2788 1013 2846 hostes
1052 2789 1334 2847 vertere.''
1419 2789 1649 2847 Deinde
1682 2788 1987 2859 Volucem,
2084 2841 2113 2874 >

223 2883 498 2959 quoniam
540 2884 770 2942 hostilia
808 2886 1037 2955 faceret,
1065 2886 1110 2943 J
1112 2905 1274 2943 ovem
1304 2886 1624 2943 maximum
1651 2886 1987 2956 obtestatus,
2072 2915 2081 2928 ·

222 2984 296 3033 ut
350 2977 578 3034 sceleris
629 2986 804 3054 atque
856 2981 1110 3055 perfidiae
1158 2980 1371 3038 Bocchi
1411 2982 1577 3038 testis
1617 2981 1857 3051 adesset,
1908 2997 1986 3035 ex

224 3071 429 3128 castris
455 3073 614 3128 abire
633 3074 817 3148 jubet.
904 3075 1016 3131 Ille
1052 3075 1374 3150 lacrymans
1401 3095 1578 3146 orare,
1612 3080 1647 3108 “
1664 3094 1738 3131 ne
1764 3094 1832 3131 ea
1871 3093 1992 3131 cre-

224 3167 420 3223 deretz
461 3166 609 3222 nihil
627 3157 759 3225 dolo
776 3171 1012 3240 factum,
1033 3188 1098 3227 ac
1115 3171 1300 3245 magis
1326 3171 1641 3227 calliditate
1657 3170 1700 3227 J
1705 3169 1990 3245 ugnrthzn,

225 3260 338 3331 cui,
382 3260 653 3319 videlicet
696 3264 1032 3339 speculanti,
1089 3264 1205 3321 iter
1257 3283 1426 3320 suum
1482 3264 1779 3339 cognitum
1827 3269 1990 3321 esset.

228 3354 520 3427 Ceterum,
548 3358 822 3433 quoniam
848 3378 1036 3436 neque
1061 3360 1357 3435 ingentem
1374 3359 1810 3416 multitudinem
1830 3358 1997 3416 habe·

2100 2596 2186 2621 Os‘.
2224 2571 2245 2606 l
