2292 3692
354 225 428 285 62
755 215 849 284 SA
860 224 960 281 LL
976 222 1211 283 USTJJ
1258 221 1418 281 ,πῖθ’
1429 221 1727 282 URTHA.
1758 181 1765 184 “

349 379 666 456 oppidanos
706 380 905 455 praelio
945 378 1223 451 intentos,
1255 378 1431 436 simul
1457 379 1736 455 oppidum
1777 383 1839 435 et
1866 380 2134 454 operibus

350 483 413 533 et
438 475 564 533 loco
593 476 906 548 munitum,
937 478 1116 548 videt,
1147 477 1304 534 vallo
1331 477 1595 552 fossaque
1635 476 1851 533 moenia
1889 477 2134 535 circum·
2240 455 2244 512 5

352 574 531 631 venit.
618 573 1013 655 12&sz
1011 573 1341 656 *gg-‘copia
1379 573 1651 652 maximev
1675 573 1900 648 idoneis
1935 573 2133 652 vineas

348 687 536 752 agere,
597 679 865 746 aggerem
910 670 1121 745 jacere,
1182 676 1241 726 et
1295 689 1469 744 super
1520 685 1789 744 aggerem
1844 668 2132 754 impositis

347 767 610 823 turribus
638 762 782 842 opus
808 785 869 824 et
896 768 1272 825 administros
1298 766 1496 825 tutari.
1574 766 1798 840 Contra
1823 765 1948 822 haec
1976 767 2131 842 oppi-

348 862 487 919 dani
520 862 811 935 festinare,
840 882 1074 939 parare:
1117 882 1355 939 prorsus
1395 863 1469 920 ab
1509 863 1776 939 utrisque
1816 863 1970 919 nihil
1997 865 2127 921 reli-

347 977 533 1033 quum
600 959 741 1017 fieri.
828 959 1099 1036 Denique
1171 958 1442 1030 Romani,
1503 958 1690 1015 multo
1743 964 1884 1016 ante
1937 959 2133 1016 labore

345 1054 678 1130 praeliisque
731 1056 981 1131 fatigati,
1034 1062 1166 1132 post
1213 1056 1336 1112 dies
1383 1056 1791 1131 quadraginta,
1847 1074 2027 1131 quam
2068 1075 2132 1113 eo
2242 1069 2243 1072 ’

344 1157 591 1208 ventum
627 1158 768 1223 erat,
815 1153 1030 1227 oppido
1079 1152 1255 1212 modo
1301 1153 1514 1234 potiti:
1577 1153 1773 1228 praeda
1813 1154 2006 1210 omnis
2059 1155 2132 1210 ab

344 1247 603 1322 perfugis
645 1256 946 1323 corrupta.
1051 1247 1138 1305 Ii.
1179 1254 1489 1324 postquam
1553 1267 1790 1305 murum
1849 1249 2133 1308 arietibus
2242 1247 2243 1258 ¹

345 1342 524 1415 feriri,
558 1363 766 1419 resque
809 1363 942 1400 suas
978 1345 1260 1416 adflictas,
1306 1345 1529 1415 vident,
1571 1364 1782 1401 aurum
1823 1350 2006 1421 atque
2046 1365 2132 1402 ar-

344 1445 604 1513 gentum,
634 1449 694 1496 et
734 1440 864 1511 alia,
897 1460 1027 1516 quae
1068 1442 1260 1517 prima
1288 1441 1602 1511 ducuntur,
1633 1441 1873 1498 domum
1910 1442 2129 1518 regiam

345 1542 742 1612 comportant:
798 1538 898 1609 ibi,
957 1540 1096 1594 vino
1143 1545 1206 1595 et
1261 1538 1448 1613 epulis
1492 1538 1737 1608 onerati,
1790 1538 2028 1613 illaque,
2074 1545 2131 1596 et

344 1631 600 1699 domum,
629 1639 689 1689 et
729 1617 912 1690 semet
951 1635 1075 1709 igni
1116 1639 1501 1709 corrumpunt
1514 1655 1532 1706 3
1572 1635 1648 1706 et,
1688 1652 1834 1709 quas
1870 1634 2017 1691 victi
2055 1636 2131 1691 ab
2168 1691 2187 1712 Χ
2241 1660 2243 1666 ¹

343 1726 607 1785 hostibus
660 1748 859 1804 poenas
902 1735 1252 1800 metuerant,
1299 1749 1396 1787 eas
1441 1730 1556 1805 ipsi
1598 1727 1862 1786 volentes
1915 1748 2131 1805 pepen-
2192 1719 2213 1778 Χ

309 1822 493 1913 ᾳ(ὶθτθ.
1658 1891 1667 1894 ι

465 1920 803 1979 LXXVII.
890 1921 1004 1978 Sed
1047 1920 1268 1997 pariter
1313 1941 1445 1979 cum
1491 1927 1661 1996 capta
1708 1920 1897 1979 Thala
1949 1923 2129 1999 legati

344 2036 421 2075 ex
446 2017 656 2092 oppido
684 2016 858 2093 Lepti
892 2018 965 2074 ad
1000 2018 1313 2075 Metellum
1341 2024 1640 2088 venerant,
1670 2024 1935 2075 orantes:
1983 2023 2015 2050 ‘⁴
2036 2020 2129 2077 uti

343 2111 677 2186 praesidium
731 2114 1185 2189 praefectumque
1234 2133 1301 2171 eo
1353 2115 1657 2171 mitteret:
1725 2113 2127 2172 Hamilcarem

344 2208 669 2282 quemdam,
716 2209 1011 2267 hominem
1054 2211 1328 2280 nobilem,
1371 2210 1696 2280 factiosum,
1727 2210 1898 2266 novis
1950 2211 2128 2268 rebus

344 2305 577 2361 studere
589 2324 607 2377 3
636 2306 944 2362 adversum
964 2325 1139 2382 quem
1166 2326 1357 2383 neque
1383 2306 1629 2382 imperia
1653 2306 2122 2379 magistratuum,

342 2417 533 2473 neque
572 2400 725 2475 leges
753 2402 1045 2459 valerentt
1086 2402 1153 2457 ni
1180 2402 1241 2458 id
1269 2391 1587 2472 festinaret,
1617 2402 1682 2459 in
1723 2421 1953 2461 summo
1979 2405 2127 2479 peri-
2242 2411 2243 2414 ’

344 2495 474 2551 culo
502 2515 666 2552 suam
693 2496 956 2567 salutem,
991 2497 1228 2552 illorum
1265 2497 1446 2553 socios
1478 2496 1650 2554 fore.''
1735 2495 1894 2554 Nam
1922 2497 2123 2575 Lepti-

343 2592 485 2661 tani,
508 2593 635 2667 jam
661 2593 797 2650 inde
822 2579 858 2649 a
885 2593 1170 2669 principio
1199 2593 1338 2649 belli
1364 2593 1408 2649 J
1409 2593 1733 2668 ugurthinss
1756 2592 1832 2648 ad
1862 2593 2123 2651 Bestiam

343 2689 652 2757 consulem,
680 2696 741 2746 et
768 2696 968 2765 postea
988 2689 1255 2760 Romam,
1275 2690 1570 2759 miserant,
1601 2690 1923 2746 amicitiam
1952 2691 2125 2748 socie-

341 2792 640 2861 tatemque
667 2795 950 2861 rogatum.
1036 2771 1284 2853 Deinde,
1312 2785 1417 2842 ubi
1443 2804 1512 2841 ea
1536 2785 1866 2859 impetrata,
1897 2805 2126 2862 semper

342 2885 481 2943 boni
527 2884 838 2958 fidelesque
872 2901 1152 2952 Qsere,
1194 2888 1254 2939 et
1293 2887 1503 2938 cuncta
1543 2901 1579 2937 a
1615 2881 1830 2953 Bestia,
1876 2881 2120 2951 Albino,

344 2981 703 3054 Metelloque
744 2979 1029 3053 imperata
1062 2997 1250 3053 gnave
1288 2978 1560 3034 fecerant.
1649 2976 1862 3052 Itaque
1902 2980 1980 3036 ab
2021 2980 2121 3036 im-

342 3086 610 3153 peratore
655 3074 839 3143 sacile,
889 3092 1019 3148 quae
1073 3073 1369 3148 petebant,
1425 3072 1637 3147 adepti,
1695 3077 1757 3127 et
1808 3073 2001 3130 missae
2057 3094 2122 3131 eo

343 3175 606 3234 cohortes
648 3172 929 3246 Ligurum
958 3177 1225 3246 quatuor,
1257 3176 1318 3227 et
1347 3170 1411 3227 O.
1440 3170 1680 3226 Annius
1707 3170 2032 3245 praefectus.

461 3265 834 3324 LXXVIII.
920 3264 996 3321 Id
1049 3266 1326 3341 oppidum
1370 3265 1444 3321 ab
1491 3263 1745 3321 Sidoniis
1798 3264 2116 3335 conditum,

344 3382 487 3436 quos
515 3363 850 3437 accepimus,
881 3362 1152 3437 profugos
1179 3363 1252 3419 ob
1281 3361 1592 3419 discordias
1619 3360 1834 3431 civileS,
1866 3362 2123 3419 navibus
