2292 3692
341 261 422 319 58
748 259 952 318 'SALL
969 257 1201 317 USTII
1246 257 1724 317 JUGURTHA.
2244 325 2245 352 ἶ

342 415 505 473 sidiis
544 385 854 472 statuitur:
898 419 1117 481 caetera,
1156 411 1250 469 uti
1295 430 1387 469 res
1426 418 1699 487 posceret,
1747 432 1822 471 ex
1863 419 2127 490 tempore
2240 359 2245 473 ⁴

341 511 535 622 parari
550 512 783 587 placuit.
838 508 1137 565 Nabdalsa
1162 508 1237 564 ad
1263 509 1587 565 exercitum
1609 509 1917 586 profectus,
1948 530 2123 586 quem

333 705 548 762 inultis
601 705 880 773 hostibus,
917 708 1261 760 vastaretur.
1349 702 1413 759 Is
1461 709 1784 778 postquam,
1829 654 2157 780 magn-itus!

341 800 479 857 dine
504 800 773 856 facinoris
800 796 1109 874 perculsus,
1139 797 1215 853 aad
1253 804 1482 873 tempus
1523 815 1641 853 non
1679 798 1883 869 venit,
1904 807 2121 858 metus·

340 916 455 972 que
481 916 604 953 rem
632 896 1013 972 impediebat3
1059 893 1368 963 Bomilcar,
1400 892 1572 950 simul
1601 893 1846 968 cupidus
1885 895 2119 972 incepta
2236 781 2245 1054 ⁴

339 992 627 1069 patffandi,
676 998 737 1050 et
775 993 984 1049 timore
1029 993 1171 1050 socii
1225 990 1452 1056 anxius,
1506 1007 1594 1061 ne,
1655 989 1863 1046 omisso
1912 998 2115 1049 vetere

339 1091 596 1161 consilio,
625 1105 840 1146 novum
870 1095 1171 1165 quaereret,
1202 1089 1432 1148 litteras
1456 1085 1532 1142 ad
1558 1102 1693 1141 eum
1720 1103 1824 1160 per
1851 1084 2117 1144 homines
2238 1083 2246 1222 ⁴

337 1186 537 1245 fideles
576 1187 782 1257 mittit,
824 1187 890 1242 in
929 1187 1108 1262 queis,
1141 1190 1177 1217 “
1196 1182 1505 1239 mollitiem
1532 1179 1966 1256 socordiamque
2000 1184 2116 1239 viri

338 1301 635 1341 accusare:
676 1283 881 1339 testari
907 1284 1058 1354 deos,
1088 1302 1195 1359 per
1220 1299 1365 1358 quos
1395 1278 1736 1355 juravisset:
1777 1298 2014 1358 monere
2037 1300 2115 1338 ne
2242 1241 2245 1348 ⁴

338 1382 574 1456 praemia
600 1379 831 1435 Metelli
872 1379 935 1436 in
974 1385 1198 1454 pestem
1238 1380 1631 1435 converteret:
1672 1373 1717 1431 J
1718 1374 1990 1449 ugurthae
2015 1395 2114 1432 ex·

337 1476 512 1531 itium
552 1476 747 1531 adesse
760 1493 778 1546 3
819 1480 1073 1531 ceterum
1114 1492 1311 1544 suane,
1341 1491 1418 1528 an
1456 1469 1689 1527 Metelli
1714 1470 1938 1528 virtute
1963 1472 2139 1547 peri·
2236 1381 2246 1642 ⁴

336 1578 444 1643 ret,
494 1572 556 1628 id
608 1573 779 1628 modo
832 1571 1069 1647 agitari:
1120 1552 1365 1648 pffsnde
1403 1573 1704 1646 reputaret
1742 1587 1877 1625 cum
1915 1570 2112 1628 animo

257 1661 268 1676 ⁴
335 1686 456 1740 su0,
486 1669 739 1743 praemia,
762 1686 836 1724 an
858 1669 1199 1740 cruciatum,
1229 1667 1482 1725 mallet.'’
2236 1659 2245 1800 ⁴

455 1765 688 1823 LXXI.
775 1765 904 1837 Sed,
948 1783 1079 1822 cum
1119 1766 1210 1822 hae
1250 1766 1463 1822 litteras
1502 1764 1726 1836 adlatae,
1757 1766 1908 1823 forte
1947 1765 2108 1823 Nab-

335 1861 512 1933 dalsa,
555 1863 809 1920 exercito
836 1881 1070 1938 corpore
1095 1863 1294 1935 fessus,
1325 1862 1389 1918 in
1416 1861 1566 1918 lecto
1593 1860 1942 1938 quiescebat,
1985 1862 2103 1934 ubi,

334 1960 580 2036 cognitis
637 1958 978 2016 Bomilcaris
1031 1960 1241 2030 verbis,
1300 1959 1488 2034 primo
1544 1977 1698 2031 cura,
1740 1958 1965 2031 deinde,
2016 1961 2106 2017 uti

269 2091 274 2102 ι
332 2073 551 2129 aegrum
579 2054 840 2111 animum
866 2054 1027 2125 solet,
1057 2073 1293 2111 somnus
1319 2055 1487 2130 cepit.
1573 2053 1720 2118 Erat
1746 2054 1805 2114 ei
1842 2054 2107 2113 Numida
2238 1917 2243 2142 ⁴

334 2149 589 2232 quidam,
620 2148 985 2225 negotiorum
1011 2156 1259 2223 curator,
1289 2150 1440 2207 fidus
1465 2155 1863 2226 acceptusque,
1897 2157 1960 2208 et
1986 2171 2104 2208 om-

333 2248 500 2304 nium
527 2248 908 2320 consiliorum,
932 2249 1050 2304 nisi
1075 2248 1390 2319 novissimi,
1421 2248 1719 2324 particeps,
1807 2248 1925 2317 Qui
1950 2254 2104 2324 post·
2128 2279 2136 2287 ·

333 2364 513 2421 quam
553 2344 778 2403 adlatas
818 2345 1045 2403 litteras
1080 2346 1333 2414 audivit,
1370 2365 1444 2403 ex
1484 2347 1904 2404 consuetudine
1941 2354 2103 2405 ratus
2240 2341 2243 2420 ⁴

333 2459 508 2516 opera
546 2447 607 2499 et
646 2443 880 2518 ingenio
915 2463 1019 2501 suo
1057 2464 1200 2520 opus
1240 2462 1379 2515 esse,
1424 2443 1489 2499 in
1535 2443 1978 2501 tabernaculum
2017 2446 2102 2501 in-
2241 2453 2243 2552 ⁴

333 2540 537 2597 troiit:
580 2540 902 2598 dormiente
940 2540 1059 2613 ille,
1103 2540 1423 2617 epistolam,
1455 2559 1627 2616 super
1663 2547 1839 2617 caput
1875 2542 1941 2598 in
1981 2541 2104 2618 pul·
2242 2559 2243 2616 ⁴

332 2636 470 2693 vino
496 2643 714 2694 temere
740 2638 1005 2712 positam,
1035 2638 1217 2694 sumit
1243 2657 1310 2694 ac
1347 2636 1595 2713 perlegit
1606 2657 1623 2709 3
1667 2637 1802 2695 dein
1842 2655 2097 2716 propere,
2120 2631 2165 2701 ’ἶ

332 2734 578 2808 cognitis
618 2734 858 2805 insidiis,
917 2733 991 2789 ad
1044 2751 1240 2808 regem
1293 2734 1495 2809 pergit.
1598 2732 1913 2803 Nabdalsa,
1972 2741 2100 2810 post

330 2830 527 2905 paullo
567 2838 952 2907 experrectus,
995 2830 1099 2887 ubi
1151 2849 1342 2906 neque
1396 2830 1701 2906 epistolam
1754 2831 1992 2906 reperit,
2042 2837 2100 2888 et

329 2945 454 2982 rem
493 2945 738 2998 omnem,
781 2927 874 2984 nti
913 2933 1041 2984 acta
1079 2932 1219 2999 erat,
1264 2928 1551 3003 cognovit,
1604 2926 1793 3001 primo
1847 2926 2097 2985 indicem

330 3023 599 3098 persequi
623 3030 862 3079 conatus
875 3027 908 3095 3'
921 3032 1229 3099 postquam
1253 3024 1315 3080 id
1342 3024 1559 3079 frustra
1584 3023 1715 3094 suit,
1738 3021 1782 3079 J
1785 3024 2097 3098 ugurtham

333 3116 596 3193 placandi
635 3119 824 3192 gratia
861 3119 1120 3175 accedit:
1179 3119 1324 3176 dicit
1366 3124 1400 3152 “
1420 3138 1549 3195 quse
1588 3119 1714 3195 ipse
1760 3119 2093 3194 paravimet‚
2230 3125 2241 3154 ¹

332 3211 572 3283 perfidia
612 3212 839 3269 clientis
879 3213 971 3269 sui
1009 3220 1307 3288 praeventa
1329 3215 1375 3271 :''
1416 3214 1740 3289 lacrymans
1774 3212 2098 3272 obtestatur

305 3307 371 3362 ⁴“
387 3323 491 3378 per
528 3307 860 3377 amicitiam,
904 3326 1119 3383 perque
1159 3328 1264 3365 sua
1313 3313 1485 3366 antea
1536 3307 1786 3365 fideliter
1830 3313 1981 3378 acta,
2024 3323 2097 3365 ne
2236 3337 2242 3434 ⁴

334 3414 505 3470 super
529 3400 637 3456 tali
663 3402 870 3459 scelere
897 3410 1227 3479 suspectum
1253 3423 1374 3463 sese
1399 3400 1691 3462 haberet.”
