2292 3692
574 242 775 301 SALL
790 239 1021 299 USTII
1064 239 1232 297 JUG
1244 238 1539 302 URTHA.
1868 238 1955 298 35«

172 395 593 473 impedimenta
617 395 917 470 parabant.
1000 394 1114 451 Sed
1141 395 1353 471 plebes,
1374 376 1708 452 incredibile
1732 411 1944 451 memo-

173 496 308 548 ratu
328 501 435 560 est,
454 509 630 565 quam
658 491 888 546 intenta
913 490 1108 561 fuerit,
1139 496 1474 565 quantaque
1504 490 1561 544 vi
1589 487 1946 564 rogationem

164 587 422 660 jusserit,
481 585 816 655 decreverit,
864 583 1156 656 voluerit5
1211 586 1394 660 magis
1433 584 1565 641 odio
1604 584 1944 651 nobilitatiS,
2029 629 2037 632 -

173 682 273 737 cui
299 681 452 737 mala
477 681 580 736 illa
606 682 976 755 parabantur,
998 701 1175 756 quam
1203 702 1343 738 cura
1377 682 1741 757 reipublicae:
1779 686 1951 739 tanta

171 775 373 832 lubido
401 777 466 832 in
496 777 757 852 partibus
783 784 922 834 erat.
986 777 1196 852 Igitur,
1229 779 1433 834 ceteris
1464 788 1623 836 metu
1650 778 1945 854 perculsi&

173 870 258 927 M.
303 870 572 939 ScaurllS,
601 891 773 945 quem
809 873 1065 947 legatum
1107 872 1317 929 Bestiae
1352 873 1527 931 fuisse
1554 893 1730 950 supra
1755 875 1950 932 docui·

172 985 323 1038 mus„
369 967 526 1024 inter
557 967 823 1024 laetitiam
866 969 1067 1043 plebis,
1099 977 1161 1026 et
1193 987 1426 1026 suorum
1466 970 1679 1045 fugam,
1723 971 1951 1046 trepida

172 1065 356 1121 etiam
396 1070 526 1121 tum
567 1067 822 1136 civitate,
881 1086 1014 1123 cum
1072 1086 1147 1123 ex
1187 1066 1455 1123 Mamilia
1495 1068 1793 1142 rogatione
1829 1073 1951 1126 tres

172 1160 511 1235 quaesitores
546 1171 904 1235 rogarentur,
943 1161 1228 1229 effecerat,
1257 1163 1343 1218 uti
1371 1162 1494 1237 ipse
1521 1161 1586 1218 in
1613 1180 1681 1219 eo
1707 1180 1953 1218 numero

174 1262 482 1315 crearetur.
569 1255 681 1312 Sed
721 1258 963 1332 quaestio
999 1258 1255 1315 exercita
1298 1277 1497 1334 aspere
1532 1258 1946 1335 violenterque,

173 1371 250 1409 ex
290 1370 538 1422 rumore,
581 1356 642 1408 et
680 1351 943 1409 lubidine
982 1354 1207 1429 plebis:
1264 1361 1334 1411 ut
1373 1374 1524 1429 saepe
1563 1353 1948 1421 nobilitatem,

171 1450 258 1505 sic
285 1468 356 1505 ea
381 1454 725 1523 tempestate
760 1449 990 1525 plebem
1025 1470 1101 1508 ex
1135 1451 1402 1508 secundis
1440 1454 1608 1510 rebus
1640 1453 1960 1515 insolentia

75 1561 78 1580 f
164 1553 423 1622 ceperat.

294 1641 468 1702 XLI.
554 1641 825 1699 Ceterum
855 1662 977 1699 mos
1002 1643 1259 1717 partium
1280 1644 1647 1719 popularium
1677 1649 1738 1701 et
1765 1644 1953 1701 senati

173 1743 513 1812 factionum,
555 1761 620 1798 ac
648 1741 855 1798 deinde
893 1742 1153 1797 omnium
1182 1743 1464 1797 malarum
1492 1741 1727 1812 artium,
1757 1742 1954 1817 paucis

174 1844 318 1895 ante
350 1837 521 1892 annis
555 1836 755 1891 Romae
790 1842 952 1892 ortus
990 1843 1096 1907 est,
1128 1835 1248 1892 otio
1275 1843 1334 1893 et
1360 1835 1722 1892 abundantia
1755 1853 1954 1892 earum

173 1952 393 2002 rerum,
436 1952 564 2007 quae
601 1933 788 2007 prima
822 1933 1096 1990 mortales
1131 1933 1368 1990 ducunt.
1454 1933 1630 1999 Nam,
1656 1938 1795 1988 ante
1817 1931 1954 1989 Car-

175 2028 479 2103 thaginem
516 2027 781 2099 deletam,
823 2028 1071 2103 populus
1111 2034 1175 2085 et
1213 2034 1447 2084 senatus
1499 2026 1801 2083 Romanus
1837 2026 1956 2102 pla-

176 2126 310 2183 cide
363 2125 735 2199 modesteque
793 2124 950 2180 inter
1006 2143 1066 2180 se
1127 2123 1545 2199 rempublicam
1585 2123 1956 2184 tractabant:

88 2232 92 2236 ’
176 2235 372 2296 neque
398 2220 609 2295 gloriae,
638 2239 826 2295 neque
856 2221 1268 2277 dominationis
1304 2228 1594 2276 certamen
1623 2220 1779 2279 inter
1805 2220 1957 2277 cives

75 2355 78 2364 ·
176 2322 308 2373 erat
334 2337 347 2373 :
390 2322 579 2372 metus
613 2315 841 2373 hostilis
872 2317 934 2372 in
965 2317 1132 2372 bonis
1169 2317 1395 2372 artibus
1422 2316 1720 2372 civitatem
1746 2316 1958 2373 retine-

176 2414 305 2469 bat.
387 2411 517 2483 Sed,
561 2412 664 2468 ubi
696 2410 800 2469 illa
844 2412 1091 2469 formido
1127 2412 1425 2469 mentibus
1453 2413 1711 2482 decessit,
1742 2410 1960 2468 scilicet

178 2528 266 2579 ea,
309 2526 439 2582 quae
478 2508 739 2564 secuudae
779 2526 871 2565 res
910 2513 1125 2575 amant,
1180 2507 1415 2564 lascivia
1454 2513 1630 2582 atque
1669 2507 1955 2581 superbia,

177 2603 482 2662 incessere.
565 2602 677 2675 Ita,
738 2604 895 2679 quod
953 2604 1017 2659 in
1071 2604 1329 2660 adversis
1376 2604 1549 2659 rebus
1594 2608 1956 2678 optaverant,

132 2773 143 2782 .
179 2702 390 2771 otium,
455 2707 760 2775 postquam
816 2701 1016 2776 adepti
1071 2705 1226 2771 sunt,
1286 2700 1544 2775 asperius
1584 2700 1961 2775 acerbiusque

179 2797 313 2855 fuit.
398 2796 669 2871 Namque
709 2815 944 2871 coepere,
986 2797 1260 2852 nobilitas
1300 2796 1663 2869 dignitatem,
1713 2796 1963 2871 populus

179 2892 534 2962 libertatem,
565 2894 625 2948 in
655 2893 977 2949 lubidinem
1004 2899 1234 2949 vertere
1259 2913 1272 2948 ε
1315 2892 1428 2948 sibi
1455 2892 1700 2967 quisque
1736 2892 1956 2962 ducere,

75 3019 78 3032 ·
180 2988 434 3062 trahere,
475 3007 693 3064 rapere.
780 2988 881 3046 Ita
921 2989 1117 3045 omnia
1161 2989 1226 3044 in
1272 2988 1417 3044 duas
1455 2995 1644 3062 partes
1675 2988 1964 3046 abstracta

183 3091 328 3144 sunt
345 3104 364 3157 3
406 3084 743 3160 respublica,
772 3102 902 3158 quae
930 3084 1123 3139 media
1149 3084 1355 3154 fuerat,
1388 3083 1717 3139 dilacerata,
1802 3080 1964 3138 Oete-

75 3189 78 3216 ἓ
183 3202 320 3239 rum
380 3181 657 3237 nobilitas
714 3180 965 3237 factione
1023 3180 1211 3254 magis
1261 3180 1550 3255 pollebat:
1613 3177 1798 3253 plebis
1855 3177 1959 3247 vis,

185 3280 382 3338 soluta
422 3286 599 3355 atque
632 3278 901 3353 dispersa,
944 3278 1010 3334 in
1049 3278 1428 3334 multitudine
1463 3277 1657 3332 minus
1697 3280 1961 3349 poterat:

187 3395 508 3455 paucorum
562 3376 803 3433 arbitrio
855 3375 995 3434 belli
1048 3374 1320 3449 domique
1360 3372 1735 3448 agitabatur:
1787 3385 1965 3444 penes

1650 3481 1804 3542 3--2
