2292 3692
628 229 832 311 svm
846 251 1078 309 USTJJ
1127 251 1294 310 JUG
1305 250 1600 308 URTHA.
1925 251 2000 308 45

210 404 406 479 jectos
435 404 840 461 circumveniri
867 404 1088 472 vident,
1116 406 1316 480 fugam
1342 405 1595 463 faciunt:
1625 425 1692 463 ac
1719 406 1997 483 plerique,

217 504 467 578 abjectis
512 501 702 573 armiS,
760 502 950 569 collae,
1004 508 1109 558 aut
1153 503 1353 573 noctiS,
1410 521 1541 578 quae
1600 504 1726 577 jam
1780 504 1998 571 aderat,

218 583 447 656 auxilio
482 598 701 675 integri
736 599 971 655 abeunt.
1066 597 1384 673 Elephanti
1414 605 1668 674 quatuor
1704 600 1875 676 capti,
1913 621 1998 658 re-

215 694 376 771 liqui
409 713 621 765 omnes,
651 713 895 750 numero
931 671 1332 769 quadraginta,
1358 693 1667 751 interfecti.
1752 696 1846 752 At
1881 694 1998 751 Ro-

216 790 403 862 mani,
444 810 795 866 quamquam
847 790 1059 846 itinere
1111 794 1289 863 atque
1342 808 1511 864 opere
1562 796 1886 847 castrorum
1937 799 1999 848 et

215 887 568 962 praeliofessi
586 888 834 963 lassique
843 894 1033 958 erant,
1053 893 1269 954 tamen,
1279 888 1435 962 quod
1453 887 1731 944 Metellus
1747 889 1997 964 amplius

215 984 495 1058 opinione
524 985 875 1056 morabatur,
907 984 1184 1041 instructi
1220 985 1550 1059 intentique
1590 986 1822 1043 obviam
1866 1006 1996 1062 pro-

214 1082 453 1140 cedunt.
521 1082 680 1139 Nam
707 1082 874 1139 dolus
900 1079 1300 1137 Numidarum
1320 1081 1470 1137 nihil
1500 1081 1772 1155 languidi,
1806 1102 1994 1158 neque

214 1180 463 1251 remissi,
483 1179 836 1255 patiebatur.
887 1177 981 1235 Ac
997 1178 1200 1252 primo,
1225 1177 1465 1233 obscura
1482 1184 1666 1248 nocte,
1686 1185 1992 1253 postquam

214 1265 380 1335 haud
399 1278 599 1354 procul
617 1278 774 1333 inter
791 1296 851 1333 se
871 1282 1055 1347 erant,
1076 1276 1342 1351 strepitu,
1366 1276 1530 1333 velut
1546 1275 1754 1348 hosteS,
1778 1278 1991 1333 adven-

213 1381 363 1448 tare,
381 1375 552 1431 alteri
577 1373 731 1451 apud
750 1374 961 1430 alteros
987 1374 1355 1431 formidinem
1380 1376 1553 1432 simul
1581 1381 1641 1432 et
1667 1376 1992 1435 tumultum

212 1471 446 1528 facere:
490 1476 552 1527 et
590 1489 752 1545 paene
788 1458 1186 1544 imprudentia
1210 1471 1528 1527 admissum
1557 1472 1781 1529 facinus
1822 1475 1989 1532 mise-

212 1548 417 1638 rabile,
440 1567 503 1623 ni
520 1569 814 1641 utrimque
831 1566 1109 1640 praemissi
1129 1568 1354 1641 equites
1370 1586 1493 1623 rem
1511 1569 1985 1643 exploravissent.

213 1665 430 1740 Igitur,
474 1682 577 1739 pro
619 1672 796 1734 metu,
840 1669 1079 1737 repente
1117 1664 1395 1737 gaudium
1443 1672 1728 1738 exortum,
1773 1667 1989 1724 milites

211 1762 364 1816 alius
389 1759 572 1815 alium
597 1758 718 1815 laeti
744 1757 1055 1833 adpellant,
1077 1764 1209 1814 acta
1232 1758 1474 1815 edocent
1499 1765 1674 1834 atque
1700 1761 1948 1817 audiunt
1972 1782 1984 1818 z

210 1874 323 1911 sua
348 1854 590 1929 quisque
626 1854 803 1909 fortia
833 1854 984 1909 facta
1018 1853 1091 1909 ad
1132 1853 1341 1909 coelum
1381 1856 1544 1911 ferre.
1632 1854 1860 1929 Quippe
1895 1877 1986 1914 res

210 1950 483 2007 humanae
510 1951 595 2006 ita
622 1968 742 2006 sese
769 1949 987 2005 habent
1011 1969 1023 2005 ε
1052 1948 1378 2005 invictoria
1393 1949 1486 2006 vel
1506 1950 1733 2025 ignavis
1748 1947 1985 2026 glotiari

209 2047 351 2104 licet
371 2067 390 2119 3
433 2030 685 2102 adversae
713 2065 804 2102 res
830 2045 1008 2101 etiam
1035 2046 1216 2102 bonos
1241 2046 1583 2102 detractant.

334 2143 500 2203 LIV.
584 2143 875 2213 MetelluS,
905 2143 969 2198 in
995 2143 1178 2200 isdem
1221 2144 1423 2199 castris
1455 2143 1768 2218 quatriduo
1802 2163 1983 2202 mora-

210 2245 325 2310 tuS,
355 2240 574 2295 saucios
614 2258 746 2294 cum
787 2257 926 2294 cura
963 2238 1166 2310 reficit,
1197 2240 1434 2295 meritos
1472 2239 1536 2294 in
1569 2239 1782 2313 praeliis
1821 2258 1982 2297 more

210 2333 439 2390 militiae
466 2332 660 2403 donat,
692 2333 991 2389 universos
1016 2334 1082 2389 in
1107 2334 1378 2391 concione
1405 2332 1621 2406 laudat,
1653 2343 1828 2411 atque
1854 2339 1982 2411 agit

208 2428 466 2504 gratias3
516 2428 799 2499 hortatur,
842 2427 916 2483 ad
969 2434 1174 2500 cetera,
1219 2448 1346 2504 quae
1387 2430 1540 2487 levia
1585 2439 1739 2500 sunt,
1781 2450 1982 2507 parem

210 2524 472 2589 animum
525 2530 729 2599 gerant
755 2545 767 2581 ε
821 2543 926 2599 pro
981 2524 1227 2580 victoria
1281 2525 1421 2581 satis
1467 2527 1591 2601 jam
1634 2533 1976 2602 pugnatum,

209 2620 464 2695 reliquos
490 2619 714 2675 labores
742 2638 845 2694 pro
872 2620 1066 2694 praeda
1092 2619 1228 2676 fore.
1285 2619 1502 2676 Tamen
1530 2621 1767 2678 interim
1796 2629 1981 2678 trans·-

207 2718 378 2793 fugas
417 2723 478 2773 et
509 2716 652 2772 alios
693 2723 1062 2790 opportunOS,
1093 2714 1394 2791 «Iugurtha
1426 2716 1529 2772 ubi
1567 2717 1846 2791 gentium,
1875 2724 1981 2774 aut

208 2813 353 2889 quid
390 2812 654 2887 agitaret,
685 2830 817 2866 cum
849 2810 1120 2885 paucisne
1151 2816 1316 2881 esset,
1346 2830 1421 2866 an
1458 2814 1779 2869 exercitum
1812 2812 1980 2869 habe-

206 2914 316 2981 ret,
359 2908 452 2964 uti
508 2925 631 2963 sese
682 2907 873 2962 victus
925 2912 1167 2981 gereret,
1209 2907 1575 2981 exploratum
1627 2908 1803 2965 misit.
1886 2907 1980 2963 At

207 3005 310 3061 ille
336 3023 460 3061 sese
485 3005 549 3060 in
580 3004 705 3061 loca
738 3005 995 3061 saltuosa
1030 3008 1090 3059 et
1128 3009 1342 3060 natura
1382 3004 1611 3061 munita
1643 3010 1975 3078 receperat3

206 3101 407 3178 ibique
435 3102 671 3176 cogebat
698 3101 1018 3157 exercitum
1043 3120 1286 3158 numero
1303 3101 1604 3157 hominum
1621 3099 1975 3174 ampliorem,

207 3198 309 3254 sed
335 3197 599 3254 hebetem
627 3197 1054 3272 infirmumque,
1083 3198 1211 3272 agri
1236 3216 1303 3255 ac
1328 3196 1547 3273 pecoris
1574 3196 1773 3270 magiS‚
1803 3213 1977 3269 quam

206 3290 365 3364 belli,
394 3292 697 3350 cultorem.
780 3290 853 3349 Id
897 3311 963 3349 ea
993 3294 1181 3367 gratia
1219 3293 1535 3363 eveniebat,
1566 3293 1737 3367 quod,
1767 3298 1979 3367 praeter

207 3388 395 3464 regios
447 3388 686 3465 equites,
729 3407 900 3446 nemo
952 3388 1215 3445 omnium
1267 3387 1657 3445 Numidarum
1712 3405 1788 3443 ex
1840 3387 1978 3463 fuga
