2292 3692
346 243 378 304 7
385 245 419 302 2
744 240 943 304 SALL
955 237 1184 299 USTH
1232 237 1286 295 J
1293 237 1397 296 ΗΘ
1409 235 1703 297 URTHA.

343 414 583 465 mecum,
627 398 688 451 et
725 391 1002 468 capessite
1041 390 1495 465 rempublicam:
1535 406 1723 464 neque
1762 408 2129 467 quemquam

344 510 419 548 ex
478 489 805 550 calamitate
859 488 1122 558 aliorum,
1201 492 1306 543 aut
1359 487 1774 561 imperatorum
1826 487 2126 561 superbia,

345 591 536 642 metus
591 582 824 659 ceperit.
910 583 1160 658 Egomet
1208 582 1269 638 in
1311 582 1560 657 agmine,
1604 582 1669 638 in
1723 582 1940 657 praelio,
1990 602 2127 640 con-

344 680 529 737 sultor
562 680 735 750 idem,
775 686 835 736 et
872 680 1061 736 socius
1091 678 1354 753 periculi,
1400 679 1697 738 vobiscum
1733 678 1946 750 ader03
2006 699 2126 737 me-

275 799 280 804 ·
343 796 458 852 que
492 795 709 852 vosque
747 776 813 834 in
850 775 1120 834 omnibus
1166 775 1342 833 rebus
1365 775 1544 850 juxta
1574 794 1785 850 geram.
1868 774 1952 834 Et
1997 795 2126 852 pro-

233 935 246 958 Ι
343 876 510 946 fecto,
557 875 649 932 dis
685 874 1054 950 juvantibus,
1095 873 1292 929 omnia
1322 901 1337 924 a
1350 880 1583 930 matura.
1638 879 1794 944 sunt,
1851 874 2121 943 victoria,

343 972 558 1047 praeda,
595 971 758 1028 laus:
800 989 930 1048 quse
970 970 1022 1027 si
1061 969 1241 1027 dubia
1279 976 1385 1028 aut
1423 970 1624 1045 procul
1668 975 1881 1043 essent,
1916 978 2126 1029 tamen

344 1085 542 1126 omnes
590 1067 771 1125 bonos
818 1066 1152 1142 reipublicae
1188 1066 1499 1124 subvenire
1536 1066 1795 1124 decebat.
1878 1066 2123 1124 Etenim
2242 1067 2243 1072 ’

343 1162 581 1237 ignavia
637 1182 809 1222 nemo
864 1162 1212 1219 immortalis
1271 1156 1497 1220 factus:
1567 1182 1783 1245 neque-
1809 1164 2123 1240 quisquam

335 1275 550 1333 ‘parens
587 1258 803 1329 liberis,
847 1259 940 1316 uti
979 1257 1188 1315 aeterni
1225 1258 1435 1330 forent,
1477 1259 1744 1334 optavit3
1784 1260 1987 1335 magis,
2033 1261 2124 1316 uti

343 1354 485 1411 boni
508 1353 852 1429 honestique
876 1354 1062 1410 vitam
1088 1354 1402 1429 exigerent.
1475 1354 1657 1414 Plura
1682 1355 1949 1427 dicerem,
1986 1354 2125 1424 Qui-

344 1453 504 1521 rites,
526 1451 578 1519 si
594 1449 818 1506 timidis
843 1449 1125 1507 virtutem
1153 1450 1331 1508 verba.
1355 1450 1637 1510 adderent
1648 1470 1667 1523 5
1706 1460 1847 1512 nam
1865 1453 2123 1510 strenuis
2238 1499 2243 1528 ,ἶ

342 1547 575 1604 abunde
602 1545 828 1603 dictum
851 1543 1049 1621 put0.”

463 1639 830 1702 LXXXVI.
915 1640 1341 1718 Hujuscemodi
1362 1643 1622 1700 oratione
1643 1643 1859 1714 habita,
1892 1642 2124 1700 Marius

343 1743 651 1814 postquam
687 1736 873 1813 plebis
911 1737 1138 1796 animos
1169 1744 1421 1796 arrectos
1462 1738 1643 1809 videt,
1688 1757 1934 1816 propere
1974 1757 2126 1796 com-

348 1842 562 1907 meatu,
583 1834 890 1910 stipendiO,
909 1835 1102 1905 armis,
1119 1833 1249 1892 aliis
1264 1833 1526 1905 utilibus,
1538 1852 1716 1891 naves
1733 1841 1971 1894 onerat:
1989 1852 2123 1891 cum

344 1933 436 1990 his
454 1931 534 1989 A.
566 1929 863 1988 Manlium
888 1928 1145 2004 legatum
1172 1929 1455 2003 proficisci
1471 1928 1660 2005 jubet.
1736 1928 1872 2004 Ipse
1899 1928 2123 1986 interea

344 2028 561 2084 milites
587 2025 851 2095 scribere,
879 2043 1000 2082 non
1020 2043 1179 2081 more
1199 2024 1501 2099 maj0rum‚
1524 2042 1714 2099 neque
1734 2043 1808 2081 ex
1824 2023 2118 2094 classibus,

345 2123 446 2181 sed
485 2122 578 2179 uti
614 2122 894 2198 cujusque
927 2121 1127 2180 lubido
1161 2127 1302 2191 erat,
1344 2121 2116 2202 capiteucenfsos-plssrfflque.

244 2203 257 2218 ”
345 2218 421 2275 Id
463 2218 684 2276 factum
722 2216 826 2276 alii
866 2216 1064 2292 inopia
1104 2217 1405 2287 bonorum,
1454 2217 1557 2274 alii
1599 2236 1704 2293 per
1744 2217 2119 2276 ambitionem
2238 2260 2244 2264 <

346 2311 615 2380 consulis,
642 2312 1081 2384 memorabant3
1124 2312 1281 2387 quod
1312 2313 1387 2370 ab
1432 2330 1501 2369 eo
1546 2330 1757 2388 genere
1798 2311 2119 2372 celebratus

345 2414 663 2485 auctusque
688 2415 817 2468 erat
844 2428 859 2467 ι
900 2414 962 2466 et
987 2407 1211 2466 homini
1231 2407 1555 2484 potentiam
1573 2408 1858 2485 quaerenti
1876 2410 2118 2484 egentis-

346 2504 526 2562 simus
566 2503 810 2579 quisque
849 2503 1393 2580 opportunissimus,
1442 2505 1538 2562 cui
1576 2521 1766 2580 neque
1805 2524 1911 2564 sua
1951 2524 2113 2587 auggg,

348 2601 564 2675 quippe
603 2613 734 2676 quse
771 2600 937 2660 nulla
976 2606 1138 2672 sunt,
1178 2606 1241 2657 et
1275 2601 1470 2657 omnia
1503 2620 1639 2660 cum
1664 2601 1853 2677 pretio
1877 2600 2117 2662 honesta

185 2683 202 2700 ¹
233 2697 244 2716 “
347 2696 637 2766 videntur.
713 2679 923 2772 'Igitur
961 2696 1190 2754 Marius
1230 2714 1364 2753 cum
1411 2697 1628 2773 majore
1674 2697 1976 2773 aliquanto
2014 2718 2114 2756 nu-

347 2810 524 2862 mero,
580 2811 756 2868 quam
814 2794 1113 2852 decretum
1168 2799 1311 2865 erat,
1375 2793 1439 2849 in
1494 2794 1759 2852 Africam
1807 2793 2110 2869 profectus,

346 2886 549 2943 diebus
595 2887 794 2962 paucis
844 2887 1086 2946 Uticam
1132 2887 1459 2949 advehitur.
1545 2887 1854 2948 Exercitus
1898 2888 1955 2946 ei
2006 2894 2112 2947 tra-

347 2983 508 3039 ditur
539 3002 575 3039 a
610 2982 676 3041 P.
722 2984 952 3044 Rutilio
986 2985 1181 3060 legato
1200 3005 1218 3058 ς
1258 3004 1397 3042 nam
1438 2984 1717 3044 Metellus
1749 2990 2110 3062 conspectum

349 3077 530 3136 Marii
587 3077 833 3153 fugerat,
891 3098 967 3137 ne
1021 3080 1251 3138 videret
1302 3099 1386 3148 ea,
1448 3099 1577 3156 quse
1630 3081 1832 3140 audita
1890 3081 2109 3140 animus

346 3173 593 3229 tolerare
618 3173 978 3247 nequiverat.

467 3266 870 3328 LXXXVII.
955 3269 1069 3327 Sed
1118 3271 1334 3340 consul,
1378 3271 1625 3346 expletis
1669 3270 1994 3346 legionibus
2029 3289 2107 3330 oo-

351 3363 731 3439 hortibusque
780 3366 1124 3438 auxiliariis,
1181 3367 1247 3426 in
1285 3386 1494 3443 agrum
1518 3367 1784 3433 ‚fertilem
1823 3374 1887 3426 et
1924 3368 2105 3445 praeds
