2292 3692
378 247 455 309 60
781 247 981 307 SALL
994 248 1226 308 USTII
1272 248 1326 306 J
1334 250 1391 307 U
1389 248 1439 309 G
1453 248 1746 312 URTHA.

367 354 760 478 jussit—i-ESed
806 409 1060 478 senatus*
1092 399 1290 476 paullo
1335 405 1474 458 ante
1521 399 1765 459 Metello
1805 402 1869 459 N
1868 404 2143 462 umidiam

372 500 743 556 decreverat:
792 517 860 555 ea
885 517 976 555 res
1003 498 1221 555 frustra
1245 498 1377 559 fuit.

491 593 789 651 LXXIV.
875 593 1096 651 Eodem
1121 599 1384 670 tempore
1409 594 1454 652 J
1454 595 1724 671 ugurtha,
1753 597 1985 655 amissis
2010 594 2144 656 ami-

369 692 467 764 ciS,
497 710 747 767 quorum
773 690 1077 766 plerosque
1101 691 1227 767 ipse
1252 698 1578 758 necaverat,
1605 693 1784 751 ceteri
1810 694 2141 765 formidine,

368 805 503 863 pars
529 786 604 843 ad
632 786 942 858 Romanos,
962 787 1063 843 alii
1090 787 1165 844 ad
1182 807 1374 864 regem
1403 787 1718 861 Bocchum,
1734 790 2116 866 profugerant
2123 812 2141 864 3

366 900 499 938 cum
533 901 725 957 neque
764 882 982 939 bellum
1010 882 1133 957 geri
1160 882 1284 940 sine
1310 883 1671 941 administris
1694 891 1906 961 posset,
1939 892 2005 943 et
2050 904 2145 942 no-

364 996 572 1034 vorum
597 978 773 1035 fidem
804 977 870 1034 in
908 983 1077 1034 tanta
1114 977 1357 1062 perfidia
1394 984 1661 1035 veterum
1701 979 1960 1055 experiri
1999 981 2143 1056 peri-

363 1073 625 1130 culosum
667 1074 919 1145 duceret,
962 1073 1161 1130 varius
1200 1074 1572 1149 incertusque
1610 1074 1911 1148 agitabat:
1951 1095 2142 1152 neque

363 1169 453 1228 illi
480 1189 587 1242 reS‚
619 1189 808 1247 neque
845 1170 1167 1241 consilium,
1197 1177 1300 1227 aut
1332 1170 1637 1247 quisquam
1665 1170 1973 1229 hominum
1999 1173 2141 1229 satis

362 1267 658 1342 placebat:
697 1267 916 1324 itinera
957 1267 1370 1342 praefectosque
1409 1266 1474 1323 in
1505 1266 1630 1323 dies
1664 1271 1925 1325 mutare:
1964 1268 2139 1326 modo

361 1362 668 1419 adversum
684 1362 896 1434 hostes,
918 1362 1217 1420 interdum
1236 1361 1301 1419 in
1321 1362 1662 1420 solitudines
1686 1381 1956 1439 pergere:
1986 1381 2136 1440 saepe

359 1453 425 1514 in
451 1458 607 1534 fuga,
628 1478 694 1515 ac
714 1464 847 1534 post
864 1459 1061 1534 paullo
1069 1459 1243 1535 fspem
1268 1458 1333 1516 in
1360 1460 1538 1520 armis
1557 1458 1802 1518 habere:
1845 1460 2132 1533 dubitare,

358 1554 571 1611 virtuti
613 1554 996 1629 popularium,
1026 1573 1104 1610 an
1138 1553 1267 1626 fide,
1299 1554 1495 1616 minus
1520 1554 1812 1612 crederet:
1861 1556 1965 1627 ita,
1998 1576 2133 1633 quo-

360 1669 609 1725 cumque
635 1649 984 1719 intenderat,
1014 1668 1105 1708 res
1132 1648 1385 1707 adversae
1413 1656 1596 1707 erant.
1682 1649 1812 1722 Sed,
1841 1645 2002 1707 inter
2041 1670 2134 1710 eas

358 1766 563 1819 moras,
611 1752 850 1822 repente
891 1763 1014 1803 sese
1054 1744 1337 1803 Metellus
1383 1764 1517 1802 cum
1556 1747 1818 1804 exercitu
1856 1747 2128 1808 ostendit.

357 1846 635 1903 Numidae
662 1846 737 1902 ab
763 1841 807 1901 J
810 1844 1062 1920 ugurtha
1081 1862 1187 1919 pro
1208 1850 1468 1918 tempore
1484 1844 1677 1919 parati
1702 1843 2129 1921 instructique:

357 1946 500 2003 dein.
518 1946 785 2023 praelium
810 1944 1105 2020 incipitur.
1190 1944 1322 2013 Qua
1354 1945 1419 2001 in
1455 1949 1622 2020 parte
1652 1963 1761 2001 rex
1796 1963 2010 2021 pugnoe
2036 1945 2133 2003 ad-

354 2044 486 2116 fuit,
507 2042 594 2099 ibi
618 2042 976 2119 aliquamdiu
999 2046 1318 2098 certatum:
1353 2039 1533 2097 ceteri
1546 2041 1672 2115 ejus
1698 2040 1916 2099 milites
1941 2042 2133 2117 primo

355 2158 635 2198 concursu
664 2138 817 2214 pulsi
842 2138 1160 2213 fugatique.
1245 2135 1500 2194 Romani
1534 2136 1834 2211 signorum
1859 2143 1922 2194 et
1946 2156 2131 2195 armo-

354 2254 488 2292 rum
514 2234 816 2310 aliquanto
849 2251 1093 2290 numero
1118 2232 1375 2289 hostium
1401 2250 1715 2308 paucorum
1744 2233 1949 2308 potiti:
1991 2252 2129 2291 nam

354 2332 535 2389 ferme
561 2331 851 2387 Numidas
877 2330 941 2387 in
959 2330 1236 2387 omnibus
1261 2328 1472 2406 praeliis
1512 2329 1687 2405 pedes
1725 2330 1912 2406 magis
1947 2348 2127 2408 quam
2243 2417 2245 2428 A

351 2446 517 2484 arma
539 2433 675 2485 tuta
700 2433 851 2484 sunt

472 2522 733 2580 LXXV.
819 2522 907 2579 Ea
945 2518 1096 2598 fuga,
1124 2521 1171 2580 J
1171 2521 1439 2597 ugurtha,
1477 2520 1796 2597 inipensius
1826 2522 2003 2581 modo
2041 2541 2127 2582 re·

352 2620 461 2676 bus
500 2619 619 2676 suis
658 2619 938 2689 diffidens,
967 2638 1101 2676 cum
1134 2619 1391 2695 perfugis
1417 2624 1478 2675 et
1514 2624 1682 2694 parte
1722 2617 2024 2694 equitatus
2062 2620 2126 2677 in

352 2714 708 2785 solitudines,
752 2714 888 2772 dein
927 2714 1170 2772 Thalam
1209 2714 1493 2790 pervenit,
1533 2713 1600 2770 in
1639 2713 1923 2790 oppidum
1964 2733 2126 2790 mag-

350 2830 494 2869 num
534 2818 595 2869 et
634 2811 993 2886 opulentum,
1023 2811 1126 2867 ubi
1153 2809 1414 2885 plerique
1441 2809 1721 2881 thesauri,
1749 2807 2128 2884 filiorumque

350 2910 476 2987 ejus
501 2909 723 2967 multus
749 2909 1012 2984 pueritiae
1040 2907 1231 2964 cultus
1256 2912 1397 2964 erat.
1483 2905 1626 2974 Quae
1664 2915 1974 2981 postquam
2003 2905 2128 2962 Me-

350 3004 492 3064 tello
517 3009 811 3080 comperta
843 3011 998 3074 sunt,
1029 3020 1382 3078 quamquam
1406 3001 1563 3059 inter
1596 2999 1840 3057 Thalam
1879 2999 2126 3058 flumen·
2240 3017 2245 3025 “

349 3121 464 3180 que
488 3102 838 3177 proximum,
866 3100 1053 3175 spatio
1073 3098 1321 3155 millium
1348 3096 1789 3173 quinquaginta,
1806 3096 1936 3153 loca
1957 3096 2129 3154 arida

349 3203 528 3274 atque
552 3203 719 3253 vasta
744 3215 865 3252 esse
889 3202 1253 3271 cognoverat,
1291 3200 1506 3267 tamen,
1535 3213 1636 3270 spe
1663 3193 1938 3269 patrandi
1963 3193 2125 3262 belli,

351 3293 403 3349 si
445 3293 571 3367 ejus
613 3292 811 3368 oppidi
854 3294 1077 3367 potitus
1109 3292 1278 3362 foret,
1314 3310 1513 3348 omnes
1546 3291 1887 3366 asperitates
1928 3309 2128 3366 super-
2220 3283 2233 3296 χ

352 3386 576 3459 vadere,
603 3406 671 3444 ac
697 3393 969 3444 naturam
996 3388 1176 3445 etiam
1203 3388 1450 3461 vincere,
1481 3387 1842 3463 adgreditur.
1923 3385 2128 3463 Igitur

2042 3487 2077 3524 s
