2292 3692
592 199 1033 269 SALLUS‘TJI
1083 210 1556 272 JUGURTHA.
1888 215 1965 272 79

191 364 439 435 Marius,
482 363 585 420 ubi
624 382 699 420 ex
738 365 982 433 nunciis,
1022 384 1153 440 quae
1194 364 1376 441 Ligus
1421 372 1632 441 egerat,
1675 368 1963 442 cognovit,

190 484 548 543 quamquam
590 469 715 520 toto
758 463 853 522 die
895 465 1154 522 intentos
1201 466 1402 541 praelio
1451 465 1740 521 Numidas
1783 461 1967 521 habuss
2066 489 2071 494 ·

188 566 335 630 erat,
390 567 522 617 tum
571 579 726 631 vero,
792 559 1127 617 cohortatus
1194 561 1426 631 milites,
1483 566 1545 617 et
1608 561 1732 637 ipse
1798 567 1968 619 extra

187 658 395 714 vineas
446 676 720 732 egressus,
778 657 1073 714 testudine
1127 663 1258 714 acta
1309 658 1628 727 succedere,
1676 661 1740 713 et
1790 656 1965 713 simul

189 754 419 811 hostem
465 753 774 810 tormentis
818 755 1246 829 sagittariisque
1290 759 1351 811 et
1395 753 1788 810 funditoribus
1826 753 1971 813 emi·.

186 869 305 907 nus
345 856 575 909 terrere.
661 850 753 907 At
796 850 1088 921 Numidae,
1129 869 1279 926 saepe
1317 857 1492 907 antea
1525 850 1713 906 vineis
1753 849 1966 906 Roma·

186 963 403 1023 norum
443 946 747 1016 subversis,
777 946 922 1001 item
958 947 1225 1016 incensis,
1264 965 1385 1002 non
1419 946 1641 1002 castelli
1680 945 1964 1002 moenibus

187 1061 313 1099 sese
339 1043 703 1113 tutabantur,
734 1041 834 1097 sed
876 1061 981 1117 pro
1022 1060 1192 1098 muro
1224 1041 1346 1099 dies
1377 1047 1687 1117 noctesque
1713 1042 1932 1117 agitare
1944 1060 1964 1112 ς

151 1193 156 1198 .
186 1138 535 1196 maledicere
577 1138 875 1204 RomaniS,
923 1156 989 1195 ac
1033 1137 1229 1194 Mario
1268 1138 1596 1194 vecordiam
1637 1138 1962 1212 objectare;
2002 1119 2045 1203 ’ἶ

185 1235 481 1292 militibus
507 1235 719 1291 nostris
746 1234 1058 1309 Jugurthae
1086 1219 1630 1292 servitium-fliium
1642 1253 1660 1305 ;
1697 1232 1978 1289 secundis-

186 1334 363 1389 rebus
402 1331 616 1388 feroces
658 1349 792 1389 esse.
879 1330 1145 1403 Interim,
1190 1332 1473 1402 omnibus,
1518 1330 1797 1386 Romanis
1836 1329 1965 1386 hos-

185 1428 479 1502 tibusque,
537 1427 735 1502 praelio
787 1427 1048 1499 intentiS,
1105 1447 1317 1503 magna
1374 1427 1670 1502 utrimque
1722 1425 1800 1497 vi,
1855 1445 1962 1502 pro

184 1523 375 1600 gloria
413 1528 588 1598 atque
628 1523 869 1598 imperio
910 1523 1015 1595 his,
1054 1523 1173 1580 illis
1213 1543 1318 1599 pro
1353 1523 1556 1595 salute,
1587 1523 1958 1593 certantibus,

185 1625 431 1696 repente
472 1638 509 1675 a
550 1624 712 1694 tergo
756 1620 922 1695 signa
963 1638 1198 1676 canere:
1247 1639 1314 1675 ac
1356 1621 1543 1694 primo
1589 1619 1859 1675 mulieres
1900 1624 1967 1679 et

187 1715 375 1792 pueri,
430 1714 534 1790 qui
585 1715 776 1771 visum
830 1721 1237 1791 processerant,
1293 1715 1529 1790 fugere,
1591 1714 1813 1785 deinde,
1869 1715 1961 1770 uti

185 1810 435 1887 quisque
461 1829 628 1866 muro
655 1810 955 1885 proximus
981 1815 1144 1880 erat3
1185 1815 1474 1885 postremo
1507 1809 1718 1879 cuncti,
1748 1810 1961 1865 armati

184 1910 566 1983 inermesque.
653 1905 823 1974 Quod
857 1906 961 1962 ubi
996 1906 1222 1976 accidit,
1254 1924 1322 1962 eo
1364 1906 1553 1961 acrius
1585 1904 1838 1961 Romani
1872 1905 1961 1961 in-

185 2013 362 2075 stare,
391 2004 651 2074 fundere,
674 2022 741 2059 ac
767 2002 1071 2078 plerosque
1097 2001 1505 2058 tantummodo
1531 2000 1799 2072 sauciare,
1824 2001 1961 2057 dein

185 2121 364 2178 super
390 2101 706 2157 occisorum
732 2117 970 2174 corpora
995 2097 1224 2169 vadere,
1254 2097 1412 2153 avidi
1437 2096 1648 2171 gloriae,
1673 2102 1960 2154 certantes

184 2216 423 2255 murum
458 2200 655 2271 petere
668 2215 685 2266 3
728 2214 917 2270 neque
953 2213 1300 2270 quemquam
1339 2194 1599 2250 omnium
1625 2194 1819 2268 praeda
1844 2213 1962 2251 mo-

184 2294 323 2353 rari.
410 2291 521 2364 Sic,
553 2292 703 2348 forte
743 2298 1014 2363 correcta,
1048 2291 1229 2348 Marii
1267 2292 1563 2349 temeritas
1600 2291 1844 2367 gloriam
1886 2310 1960 2348 ex

186 2390 360 2466 culpa
385 2387 629 2446 invenit.
665 2384 673 2388 “
845 2421 922 2434 x

308 2482 502 2540 XCV.
590 2482 877 2553 Ceterum,
927 2482 1068 2538 dum
1122 2501 1191 2539 ea
1243 2501 1333 2539 res
1385 2483 1623 2559 geritur,
1669 2482 1734 2542 L.
1781 2483 1956 2558 Sylla,

185 2586 455 2658 quaestor,
496 2597 629 2635 cum
669 2597 878 2654 magno
917 2581 1187 2654 equitatu
1232 2579 1295 2636 in
1340 2586 1528 2636 castra
1565 2581 1765 2655 venit;
1818 2601 1961 2657 quos

185 2679 279 2737 uti
318 2696 393 2734 ex
430 2675 602 2732 Latio
637 2680 697 2731 et
734 2693 772 2729 a
809 2674 976 2731 sociis
1011 2680 1257 2750 cogeret,
1301 2674 1504 2732 Romae
1542 2676 1777 2733 relictus
1817 2684 1956 2735 erat.

187 2774 321 2845 Sed,
351 2772 627 2848 quoniam
657 2770 813 2828 tanti
839 2770 956 2827 viri
988 2790 1082 2833 res
1120 2771 1440 2844 admonuit,
1469 2772 1745 2830 idoneum
1772 2774 1961 2830 visum

100 2874 109 2885 ⁴
185 2874 292 2940 est,
324 2868 397 2924 de
422 2871 635 2923 natura
660 2866 939 2941 cultuque
966 2866 1092 2941 ejus
1116 2867 1315 2941 paucis
1341 2867 1558 2925 dicere:
1593 2886 1784 2943 neque
1806 2869 1961 2924 enim

185 2964 304 3022 alio
331 2964 457 3020 loco
485 2963 556 3019 de
585 2962 758 3037 Syllae
786 2964 957 3020 rebus
984 2963 1426 3050 dicturnisssumus
1444 2983 1465 3040 3
1484 2968 1568 3042 ‘et
1600 2962 1665 3020 L.
1698 2962 1955 3034 Sisenna,
2068 3003 2075 3010 ‚

84 3085 89 3090 ·
182 3060 410 3138 optime
456 3064 519 3114 et
559 3058 998 3134 diligentissime
1044 3058 1306 3115 omnium
1345 3059 1449 3134 qui
1495 3077 1590 3115 eas
1628 3076 1723 3115 res
1761 3057 1961 3115 dixere

182 3157 539 3232 persecutus,
595 3172 803 3229 parum
850 3154 997 3209 mihi
1047 3153 1232 3211 libero
1285 3172 1383 3211 ore
1434 3154 1661 3210 locutus
1705 3152 1956 3212 videtur.

184 3250 389 3326 Igitur
416 3247 581 3304 Sulla
609 3249 802 3323 gentis
827 3250 1088 3326 patriciae
1121 3248 1338 3306 nobilis
1369 3249 1499 3320 fuit,
1529 3234 1752 3305 familia
1782 3267 1961 3324 prope

178 3348 308 3424 jam
348 3344 639 3401 exstincta
677 3344 789 3421 maj
797 3363 964 3401 orum
1003 3344 1253 3421 ignavia,
1286 3344 1500 3402 litteris
1535 3341 1753 3402 Graecis
1785 3349 1965 3421 atque
