2292 3692
581 243 1038 306 ..SALLUSTII
1075 243 1554 308 ,JUGURTHA
1894 246 1967 316 τ19

193 404 446 469 vastare,
475 398 697 473 praedas
722 416 926 473 agere3
953 396 1074 454 suis
1099 397 1378 468 animum,
1401 402 1680 454 terrorem
1705 396 1970 454 hostibus

169 501 427 570 augere.

319 588 501 645 XXL
586 587 906 659 Adherbal,
942 588 1046 645 ubi
1077 588 1358 664 intelligit
1389 608 1455 645 eo
1491 608 1834 664 processum,
1876 590 1968 646 uti
2058 597 2068 608 '

192 704 444 761 reguum
494 690 601 742 aut
650 684 1096 759 relinquendum
1136 692 1302 756 esset,
1346 691 1450 742 aut
1496 687 1672 744 armis
1716 688 1967 744 retinen-

194 782 355 853 dum,
383 781 699 839 necessario
726 783 920 856 copias
957 787 1143 856 parat,
1174 786 1236 837 et
1258 780 1304 837 J
1306 782 1574 855 ugurthae
1602 782 1807 840 obvius
1834 803 1965 859 pro-

192 879 368 936 cedit.
450 877 703 935 Interim
743 877 902 934 haud
936 877 1108 953 longe
1149 897 1186 934 a
1221 877 1386 948 mari,
1415 896 1591 953 prope
1620 877 1844 935 Cirtam
1870 898 1965 955 op·

192 974 417 1050 pidum,
444 973 750 1049 utriusque
788 973 1047 1032 consedit
1084 974 1410 1030 exercitus:
1453 979 1515 1031 et
1545 974 1684 1048 quia
1731 975 1825 1032 die
1863 994 1964 1032 ex-

189 1077 447 1127 tremum
473 1075 617 1141 erat,
650 1068 913 1145 praelium
939 1088 1057 1125 non
1084 1069 1397 1143 inceptum.
1469 1068 1597 1126 Ubi
1623 1070 1961 1146 plerumque

189 1167 383 1223 noctis
427 1166 720 1241 processit,
766 1166 1004 1222 obscuro
1052 1165 1232 1221 etiam
1283 1170 1415 1221 tum
1464 1164 1702 1235 lumine,
1746 1164 1960 1222 milites

190 1261 234 1319 J
235 1260 560 1336 ugurthini,
587 1261 750 1336 signo
776 1261 929 1332 datn,
952 1266 1141 1318 castra
1166 1260 1420 1317 hostium
1445 1261 1733 1318 invadunt
1753 1280 1771 1332 5
1796 1262 1961 1319 semi-

189 1375 423 1414 somnos
461 1358 691 1432 partim,
728 1356 871 1413 alios
901 1375 1063 1413 arma
1094 1361 1404 1424 sumentes,
1439 1356 1647 1432 fugant
1681 1357 1960 1416 fundunt-

188 1472 305 1529 que
326 1472 345 1524 3
382 1454 686 1510 Adherbal
712 1473 845 1511 cum
871 1454 1069 1529 paucis
1095 1453 1390 1528 equitibus
1428 1454 1652 1511 Cirtam
1683 1455 1954 1531 profugit,

188 1562 268 1622 et,
310 1552 379 1607 ni
416 1550 736 1607 multitudo
763 1557 1096 1625 togatorum
1135 1550 1355 1622 fuisset,
1384 1568 1513 1625 quae
1541 1550 1830 1608 Numidas
1869 1551 1958 1607 in-

188 1652 495 1722 sequentes
522 1646 806 1702 moenibus
833 1643 1149 1720 prohibuit,
1180 1663 1298 1700 uno
1325 1644 1418 1702 die
1444 1646 1599 1701 inter
1623 1644 1769 1703 duos
1794 1665 1956 1722 reges

187 1748 445 1817 coeptum
496 1748 675 1816 atque
727 1745 1023 1816 patratum
1086 1739 1303 1797 bellum
1355 1740 1515 1797 foret.
1600 1740 1797 1814 Igitur
1849 1740 1889 1797 J
1895 1761 1956 1795 u-

186 1837 404 1915 gurtha
456 1836 735 1912 oppidum
775 1834 1161 1905 circumsedit,
1214 1834 1403 1890 vineis
1466 1835 1840 1911 turribusque
1893 1843 1956 1893 et

185 1933 474 1990 machinis
525 1932 786 1990 omnium
838 1949 1117 2007 generum
1180 1948 1510 2006 expugnare
1572 1930 1950 2006 adgreditur3

186 2030 443 2087 maxime
467 2028 748 2086 festinans
771 2034 1003 2104 tempus
1040 2027 1365 2103 legatorum
1403 2035 1758 2103 antecapere,
1788 2049 1948 2105 quusi,

185 2132 326 2184 ante
378 2125 647 2202 praelium
689 2124 925 2197 factum,
967 2123 1220 2181 Romam
1265 2124 1339 2180 ab
1378 2123 1712 2181 Adherbale
1751 2125 1952 2180 missos

183 2223 504 2281 audiverat.
589 2220 703 2278 Sed
735 2225 1042 2296 postquam
1074 2226 1312 2277 senatus
1347 2219 1419 2276 de
1459 2220 1608 2277 bello
1635 2237 1836 2277 eorum
1862 2238 1952 2277 ac-

185 2321 357 2395 cepit,
383 2325 504 2376 tres
529 2318 914 2375 adolescentes
950 2317 1017 2373 in
1040 2317 1306 2373 Africam
1331 2315 1612 2391 legantur,
1644 2314 1747 2391 qui
1781 2314 1952 2371 ambo

184 2434 349 2491 reges
388 2415 617 2485 adeant,
647 2419 883 2471 senatus
922 2413 1241 2490 populique
1277 2412 1534 2468 Romani
1572 2411 1766 2468 verbis
1805 2429 1951 2467 nun-

183 2512 359 2582 cient,
403 2510 620 2569 “Velle
659 2517 720 2568 et
758 2529 1002 2583 censere,
1046 2529 1143 2567 eos
1183 2511 1257 2566 ab
1287 2510 1463 2565 armis
1503 2508 1828 2580 discedere3
1877 2506 1950 2563 de

177 2611 593 2668 controversiis
617 2612 737 2669 suis
769 2613 906 2688 jure
944 2614 1156 2688 potine,
1187 2630 1363 2687 quam
1393 2610 1562 2682 bello,
1591 2610 1947 2686 disceptare3

183 2705 269 2761 ita
294 2724 471 2781 seque
498 2706 733 2781 illisque
759 2708 1003 2782 dignum
1030 2707 1202 2765 esse.’'

179 2823 186 2830 ⁴
303 2800 526 2861 XXII.
608 2801 817 2878 Legati
867 2805 933 2860 in
974 2804 1239 2861 Africam
1280 2809 1641 2862 maturantes
1681 2803 1945 2872 veniunt,

183 2919 253 2958 eo
279 2902 479 2976 magis,
504 2901 660 2978 quod
695 2901 917 2973 Romae,
936 2902 1077 2959 dum
1103 2903 1386 2979 proficisci
1410 2908 1636 2978 parant,
1659 2902 1732 2959 de
1751 2900 1949 2977 praelio

179 2997 335 3054 facto
359 3003 424 3054 et
449 2999 878 3074 oppugnatione
906 2999 1081 3057 Cirtae
1107 3000 1488 3057 audiebatur:
1520 2999 1632 3056 -sed
1668 3000 1720 3055 is
1749 3017 1949 3054 rumor

177 3093 435 3151 'clemens
461 3100 603 3153 erat.
686 3095 948 3165 Quorum
974 3095 1017 3152 J
1019 3095 1274 3170 ugurtha
1304 3101 1540 3170 accepta
1578 3094 1838 3152 oratione
1864 3111 1949 3149 re-

173 3190 418 3265 spondit
445 3211 458 3248 :
504 3194 539 3223 “
552 3190 682 3249 Sibi
705 3210 895 3267 neque
929 3191 1118 3267 majus
1141 3190 1482 3267 quidquam,
1511 3206 1701 3263 neque
1736 3186 1942 3255 carius,

177 3288 530 3346 auctoritate
571 3289 794 3347 senati:
835 3289 909 3346 ab
948 3288 1333 3347 adolescentia
1356 3288 1445 3345 ita
1469 3287 1711 3356 enisum,
1740 3285 1834 3341 uti
1872 3284 1946 3338 ab

179 3384 403 3457 optimo
442 3402 673 3462 quoque
717 3387 1091 3462 probaretur:
1149 3384 1384 3454 virtute,
1427 3400 1545 3439 non
1584 3380 1828 3451 malitia,
1872 3377 1941 3436 P.

1633 3475 1785 3533 2-2
