2292 3692
630 248 835 308 SALL
848 249 1078 309 USTH
1121 251 1176 309 J
1184 251 1240 309 U
1242 249 1292 310 G
1303 252 1359 310 U
1355 251 1594 312 RTHA.
1924 254 1994 312 51

217 403 341 461 tela
399 402 692 479 ingerunt.
779 404 986 462 Nostri
1042 406 1228 483 primo
1275 410 1577 466 resistere:
1619 405 1850 476 deinde,
1898 408 2001 464 ubi

216 522 353 561 unae
380 510 559 579 atque
583 503 782 560 alterae
808 505 975 561 scalae
1002 505 1388 576 comminutae,
1414 506 1516 582 qui
1542 512 2000 583 supersteterant
2022 575 2031 582 ,

217 601 444 658 adflicti
471 608 649 674 sunt;
693 602 886 673 ceteri,
916 621 1149 678 quoquo
1175 604 1347 660 modo
1373 611 1630 696 potuere,
1659 604 1830 681 pauci
1855 605 2001 661 inte-
2036 583 2057 652 ἦ

215 698 325 774 gri,
355 716 566 773 magna
590 716 725 773 pars
752 699 999 755 confecti
1024 699 1380 771 vulneribus,
1412 702 1643 759 abeunt.
1729 700 2000 777 Denique

216 794 519 868 utrimque
548 793 813 869 praelium
838 813 959 850 nox
985 795 1238 853 diremit.

338 888 505 946 LXI.
593 889 887 961 Metellus,
911 895 1218 965 postquam
1246 891 1411 948 videt
1443 891 1661 949 frustra
1679 892 1993 967 inceptum,

209 1003 408 1060 neque
446 984 725 1059 oppidum
765 985 908 1059 capi,
926 995 931 1001 '
951 1004 1141 1060 neque
1180 984 1225 1042 J
1226 987 1554 1061 agui-tham,
1596 986 1713 1043 nisi
1750 1005 1826 1043 ex
1863 986 1999 1042 insi-

214 1079 346 1145 diis,
382 1085 488 1135 aut
522 1097 627 1134 suo
662 1078 803 1144 loco,
839 1098 1095 1154 pugnam
1134 1079 1340 1151 facere,
1378 1086 1438 1137 et
1463 1081 1585 1154 jam
1614 1087 1875 1138 aestatem
1903 1100 1998 1137 ex-

213 1180 408 1232 actam
435 1194 571 1246 esse,
616 1175 689 1230 ab
728 1174 902 1230 Zama
927 1174 1175 1232 discedit
1194 1194 1212 1247 ς
1259 1175 1408 1232 etin
1436 1176 1527 1231 his
1565 1176 1824 1247 urbibus,
1864 1193 1995 1251 quae

213 1271 288 1326 ad
330 1290 391 1327 se
430 1269 777 1342 defecerant,
820 1270 1078 1347 satisque
1118 1271 1361 1328 munitae
1401 1271 1526 1329 loco
1564 1278 1670 1329 aut
1708 1273 1994 1330 moenibus

214 1372 400 1437 erant,
430 1366 697 1442 praesidia
734 1367 999 1441 imponit.
1086 1366 1359 1423 Ceterum
1401 1368 1724 1425 exercitum
1764 1370 1828 1426 in
1868 1388 1996 1445 pro-

205 1449 487 1534 ¹vinciam,
530 1481 658 1537 quae
698 1463 965 1537 proxima
1000 1468 1089 1517 est
1126 1461 1444 1532 Numidiae,
1486 1463 1783 1520 hiemandi
1805 1466 1996 1540 gratia

212 1557 469 1614 collocat.
556 1557 766 1633 Neque
805 1557 866 1613 id
898 1564 1146 1632 tempuS,
1191 1576 1267 1613 ex
1303 1557 1548 1613 aliorum
1593 1577 1770 1630 more,
1809 1559 1991 1635 quieti

211 1659 317 1709 aut
361 1651 612 1709 luxuriae
647 1654 910 1710 concedit
936 1675 949 1711 :
991 1654 1104 1725 sed,
1145 1654 1421 1729 quoniam
1450 1655 1633 1712 armis*
1657 1655 1873 1712 bellum
1899 1675 1993 1732 pa-

210 1770 345 1807 rum
385 1751 747 1826 procedebat,
796 1751 1035 1807 insidias
1072 1752 1197 1825 regi
1238 1769 1349 1826 per
1382 1752 1595 1807 amicos
1633 1750 1888 1822 tendere,
1931 1760 1993 1809 et

209 1864 407 1901 eorum
439 1845 682 1920 perfidia
716 1865 822 1921 pro
855 1846 1033 1902 armis
1072 1846 1182 1916 uti,
1212 1851 1402 1921 parat.
1486 1846 1682 1921 Igitur
1709 1846 1991 1903 Bomilca-

209 1960 348 2013 rem,
382 1942 485 2017 qui
514 1939 718 1998 Romae
746 1961 878 1999 cum
905 1940 1208 2017 Jugurtha
1233 1942 1439 2013 fuerat,
1477 1949 1537 1999 et
1563 1942 1713 2014 inde,
1747 1942 1991 1999 vadibus

209 2040 378 2110 datis,
420 2039 571 2095 clam
614 2040 686 2096 de
734 2037 1006 2095 Massivae
1041 2059 1184 2097 nece
1216 2039 1509 2115 judicium
1548 2038 1795 2113 fugerat,
1835 2040 1989 2114 quod

64 2141 161 2214 με·
199 2136 280 2220 ei,
345 2154 449 2212 per
503 2136 819 2191 maximam
858 2135 1194 2207 amicitiam,
1231 2136 1509 2192 *maxima
1548 2136 1712 2209 copia
1752 2134 1990 2191 fallendi

208 2239 352 2304 erat,
400 2231 604 2288 multis
638 2232 1155 2307 pollicitationibus
1191 2232 1566 2307 adgreditur3
1606 2249 1672 2285 ac
1697 2230 1887 2307 primo
1914 2233 1990 2288 ef-

206 2332 347 2401 ficit,
376 2331 469 2387 uti
495 2330 570 2386 ad
597 2350 656 2387 se
684 2330 1051 2406 colloquendi
1089 2331 1281 2414 gratia
1316 2330 1578 2387 occultus
1617 2330 1855 2387 veniat:
1899 2330 1991 2387 de-

206 2426 360 2496 inde,
403 2425 518 2483 fide
557 2425 712 2496 data,
773 2430 809 2459 ‘⁴
825 2427 874 2482 si
918 2425 1280 2501 Jugurtham
1321 2426 1527 2481 vivum
1574 2430 1680 2482 aut
1718 2433 1987 2482 necatum

206 2521 557 2592 tradidisset,
617 2521 755 2591 fore,
813 2528 885 2577 ut
931 2522 1020 2578 illi
1061 2528 1294 2577 senatus
1333 2520 1746 2596 impunitatem
1787 2529 1849 2579 et
1888 2542 1992 2579 sua

206 2617 405 2673 omnia
432 2618 818 2688 concederet,’'
858 2619 1026 2675 facile
1061 2618 1337 2675 Numidae
1365 2618 1689 2693 persuadet,
1731 2638 1861 2675 cum
1903 2620 1988 2675 in-

205 2712 379 2789 genio
413 2713 609 2782 infido,
646 2720 777 2770 tum
815 2713 1121 2785 metuenti,
1167 2732 1258 2785 ne,
1299 2714 1349 2769 si
1385 2734 1501 2788 pax
1538 2733 1671 2771 cum
1710 2713 1991 2769 Romanis
2093 2780 2096 2784 .

207 2813 390 2882 fieret,
422 2811 547 2885 ipse
572 2830 678 2887 per
704 2812 1061 2868 conditiones
1088 2810 1161 2867 ad
1187 2811 1536 2885 supplicium
1563 2809 1907 2866 traderetur.

328 2907 535 2965 LXII.
620 2906 700 2979 Is,
744 2909 847 2965 ubi
881 2909 1135 2984 primum
1170 2891 1567 2983 opportunum
1607 2906 1737 2978 fuit,
1773 2905 1818 2963 J
1820 2924 1984 2980 ugur-

206 3006 376 3063 tham
416 3006 661 3063 anxium
701 3025 767 3062 ac
806 3007 1179 3079 miserantem
1240 3005 1503 3061 fortunas
1559 3022 1691 3059 suas
1730 3001 1986 3057 accedit:

206 3109 410 3160 monet
450 3108 627 3179 atque
666 3103 994 3176 lacrymans
1030 3102 1373 3171 obtestatur,
1417 3100 1509 3156 uti
1537 3097 1850 3174 aliquando
1878 3097 1988 3153 sibi

205 3200 520 3276 liberisque
557 3205 619 3256 et
648 3199 810 3276 genti
853 3198 1265 3270 Numidarum,
1297 3199 1513 3274 optime
1553 3195 1818 3265 merenti,
1862 3213 1989 3269 pro-

206 3298 445 3356 videat:
508 3298 777 3355 omnibus
831 3298 1047 3374 praeliis
1104 3316 1226 3355 sese
1282 3297 1482 3365 victos,
1547 3312 1751 3369 agrum
1805 3296 1992 3347 vasta-

207 3400 357 3468 tum,
409 3396 627 3452 multos
663 3396 935 3453 mortales
983 3402 1180 3472 captos
1217 3400 1321 3451 aut
1365 3392 1589 3461 occisos,
1632 3388 1797 3463 regni
1838 3406 1989 3463 opeS,

1676 3500 1830 3556 4-2
