2292 3692
619 271 1066 337 SALLUSTH
1111 275 1166 333 J
1175 271 1592 338 UGURTHA.
1835 261 1843 278 ²
1914 273 1992 335 53

205 430 570 511 capiendum,
611 433 826 505 praeter
858 433 1216 485 vetustatem
1249 426 1484 485 familias
1525 426 1641 484 alia
1673 425 1872 485 omnia
1893 428 1993 485 ab·

207 531 367 589 unde
384 534 585 598 erant3
624 524 934 596 industria,
954 525 1231 601 probitas,
1259 524 1488 583 militias
1503 543 1713 601 magna
1732 526 1989 597 scientia,

117 611 192 621 ν
208 625 440 682 animus
471 621 607 679 beni
633 619 854 697 ingens,
883 620 1040 678 domi
1060 604 1344 690 'modicus
1376 619 1657 678 lubidinis
1677 628 1738 678 et
1764 621 1994 678 divitia.

208 739 344 777 rum
369 720 573 789 victor,
600 716 1008 774 tantummodo
1041 715 1242 791 gloriae
1275 716 1496 773 avidae.
1579 714 1694 773 Sed
1719 716 1773 773 is
1798 722 1990 788 natus,

209 823 275 872 et
313 832 545 871 omnem
583 812 896 889 pueritiam
930 812 1155 888 Arpini
1191 812 1364 883 altuS,
1406 811 1511 869 ubi
1551 813 1805 889 primum
1850 819 1993 872 aetas

207 910 437 967 militiae
478 910 707 984 patiens
746 907 878 979 fuit,
937 906 1242 983 stipendiis
1281 907 1574 977 faciendis,
1630 927 1752 966 non
1792 909 1994 968 Graeca

207 1004 496 1075 facundia,
539 1021 728 1079 neque
767 1002 1008 1060 urbanis
1044 1002 1370 1074 munditiis,
1411 1022 1533 1062 sese
1567 1004 1865 1062 exercuit:
1907 1006 1993 1062 ita

207 1102 369 1159 inter
408 1108 563 1157 artes
617 1100 798 1157 bonas
836 1099 1132 1175 integrum
1173 1100 1476 1175 ingenium
1515 1099 1680 1156 brevi
1718 1100 1990 1159 adolevit.

209 1196 369 1273 Ergo
393 1196 497 1254 ubi
524 1196 776 1273 primum
801 1196 1170 1253 tribunatum
1190 1196 1500 1254 militarem
1528 1214 1564 1251 a
1587 1196 1802 1274 populo
1821 1196 1990 1270 petit,
2016 1224 2021 1229 ·

209 1293 501 1370 plerisque
554 1293 759 1350 faeiem
816 1293 940 1367 ejus
987 1293 1407 1368 ignorantibus,
1450 1293 1620 1351 facile
1657 1298 1848 1364 notus,
1889 1305 1996 1368 per

209 1410 415 1449 omnes
471 1390 659 1446 tribus
711 1389 1053 1448 declaratur.
1139 1387 1371 1446 Deinde
1422 1389 1497 1445 ab
1537 1406 1607 1446 eo
1646 1388 1994 1463 magistratu

209 1489 393 1546 alium
429 1492 561 1563 post
586 1487 767 1544 alium
794 1487 905 1544 sibi
930 1486 1195 1563 peperit3
1241 1505 1579 1562 semperque
1604 1486 1666 1542 in
1693 1485 1993 1561 potestati-

210 1583 323 1640 bus
364 1602 433 1640 eo
472 1583 643 1639 modo
696 1582 971 1658 agitabat,
1028 1582 1120 1639 uti
1173 1581 1467 1657 ampliore,
1524 1600 1703 1657 quam
1756 1581 1994 1656 gerebat

23 1669 29 1702 ²
211 1679 427 1754 dignus
461 1678 789 1735 haberetur.
873 1677 1096 1734 Tamen
1137 1677 1204 1749 is,
1242 1678 1316 1734 ad
1345 1678 1407 1734 id
1433 1676 1688 1733 locorum
1716 1677 1854 1733 talis
1878 1677 1990 1749 vir,

212 1778 376 1853 (nam
402 1783 601 1850 postea
627 1773 945 1831 ambitione
969 1791 1220 1849 praeceps
1254 1772 1426 1829 datus
1461 1771 1592 1850 est‚)
1627 1771 1993 1829 consulatum

210 1876 485 1947 appetere
524 1889 644 1927 non
679 1870 944 1927 audebat.
1029 1869 1229 1926 Etiam
1264 1878 1394 1926 tum
1439 1869 1582 1926 alios
1617 1870 1993 1942 magistratus

210 1966 427 2044 plebes,
465 1966 830 2023 consulatum
865 1966 1139 2022 nobilitas
1174 1966 1332 2022 inter
1356 1984 1418 2022 se
1445 1983 1552 2041 per
1576 1983 1782 2021 manus
1807 1964 1995 2023 trade·

210 2063 333 2120 bat.
419 2063 626 2119 Novus
680 2080 852 2119 nemo
908 2068 1031 2118 tam
1087 2061 1290 2132 clarus,
1347 2080 1538 2137 neque
1585 2068 1707 2118 tam
1750 2060 1994 2137 egregiis

211 2158 386 2217 factis
420 2165 562 2224 erat,
589 2159 736 2235 quin
761 2160 813 2216 is
837 2158 1112 2234 indignus
1139 2157 1243 2216 illo
1268 2158 1502 2231 honore,
1533 2164 1593 2216 et
1620 2158 1784 2235 quasi
1809 2157 1994 2232 pollu-

212 2261 331 2326 tus,
360 2254 688 2314 haberetur.
1998 2226 2105 2302 [ὗ

336 2349 571 2407 LXIV.
654 2349 865 2425 Igitur,
886 2348 991 2405 ubi
1018 2348 1246 2405 Marius
1266 2347 1585 2425 haruspicis
1611 2349 1768 2407 dicta
1795 2348 1995 2406 eodem

213 2445 521 2504 intendere
547 2444 725 2518 videt,
757 2464 873 2520 quo
900 2443 1109 2520 cupido
1143 2444 1327 2502 animi
1363 2445 1722 2516 hortabatur,
1759 2445 1834 2501 ab
1865 2444 1994 2501 Me-

215 2540 360 2598 tello
386 2539 626 2615 petendi
662 2539 853 2616 gratia
888 2539 1221 2596 missionem
1257 2546 1461 2615 rogat:
1500 2541 1596 2597 cui
1642 2558 1994 2616 quamquam

221 2636 426 2707 virtus,
470 2635 671 2712 gloria,
719 2641 898 2709 atque
943 2635 1059 2692 alia
1105 2635 1363 2710 optanda
1400 2636 1582 2707 bonis,
1626 2638 1992 2712 superabant,

181 2803 188 2812 .
216 2739 419 2790 tamen
446 2732 636 2788 inerat
661 2737 987 2789 contemtor
1012 2730 1241 2789 animus
1274 2737 1335 2789 et
1368 2732 1652 2808 superbia,
1692 2749 1996 2788 commune

217 2827 546 2885 nobilitatis
572 2827 808 2884 malum.
893 2825 1104 2903 Itaque
1130 2827 1404 2903 primum,
1426 2833 1747 2885 commotus
1762 2825 1998 2882 insolita

217 2942 300 2995 re,
344 2922 549 2979 mirari
583 2923 708 2997 ejus
744 2922 1065 2990 consilium,
1100 2929 1164 2980 et
1203 2924 1369 3000 quasi
1394 2943 1498 2999 per
1527 2923 1840 2980 amicitiam
1881 2939 1997 2977 mo-

32 3021 44 3054 *
217 3037 376 3090 nere,
432 3022 467 3051 “
483 3036 559 3075 ne
604 3024 727 3075 tam
768 3036 947 3093 prava
985 3018 1283 3093 inciperet,
1333 3036 1450 3075 neu
1489 3036 1662 3092 super
1701 3019 1997 3073 fortunam

218 3115 485 3172 animum
524 3120 787 3189 gereret;
825 3133 946 3170 non
976 3116 1174 3171 omnia
1207 3114 1475 3171 omnibus
1513 3112 1800 3188 cupienda
1837 3129 1994 3167 esse:

219 3211 429 3269 debere
467 3210 561 3268 illi
588 3229 681 3268 res
717 3229 850 3267 suas
887 3210 1029 3267 satis
1062 3210 1325 3286 placere3
1365 3215 1653 3285 postremo
1681 3211 1910 3263 caveret
1935 3207 1998 3263 id

221 3313 417 3383 petere
456 3323 493 3363 a
531 3305 746 3381 populo
787 3304 1069 3377 Romano,
1121 3304 1278 3381 quod
1325 3304 1416 3361 illi
1453 3302 1590 3379 jure
1635 3305 1996 3377 negaretur.”

221 3403 543 3482 Postquam
579 3401 702 3462 haec
741 3407 918 3479 atque
956 3401 1101 3459 talia
1138 3401 1309 3474 dixit,
1339 3418 1525 3476 neque
1557 3399 1785 3458 animus
1817 3398 1999 3460 Marii
