2292 3692
620 237 1062 304 SALLUS'HI
1106 245 1162 303 J
1167 246 1227 303 U
1221 245 1273 304 G
1282 243 1575 305 UBTHA.
1906 248 1981 310 23

205 404 561 456 censuerant
589 400 801 475 Italici,
833 400 1188 457 deditionem
1215 400 1371 457 facit.
1452 399 1497 456 J
1500 400 1753 475 ugurtha
1779 401 1843 457 in
1869 401 1989 476 pri-2

201 496 332 552 mis
370 495 769 553 Adherbalem
814 498 1213 576 excruciatum
1263 502 1434 554 necat
1457 516 1475 553 t
1532 498 1743 555 deinde
1793 498 1985 556 omnis

201 592 475 666 puberes,
506 592 800 649 Numidas
827 599 890 650 et
918 595 1308 668 negotiatores
1340 595 1685 669 promiscue,
1709 596 1802 654 uti
1829 597 1987 673 quis,-

206 706 329 762 que
357 688 598 744 armatis
620 688 829 746 obvius
854 689 1061 759 fuerat,
1091 690 1403 747 interfecit.

332 782 624 843 XXVII.
705 783 875 852 Quod
900 791 1204 861 postquam
1234 787 1437 844 Romae
1464 790 1762 863 cognitum
1787 795 1890 862 est,
1920 797 1987 848 et

206 897 305 935 res
350 878 416 935 in
457 885 663 937 senatu
708 881 920 955 agitari
962 888 1162 957 ooepta,
1204 882 1362 939 idem
1406 883 1498 940 flli
1536 885 1791 943 ministri
1827 888 1982 962 regis

205 976 651 1051 interpellandO,
701 996 772 1034 ac
813 997 961 1052 saepe
1006 979 1210 1054 gratia,
1260 979 1561 1037 interdum
1602 982 1815 1058 jurgiis
1867 988 1980 1039 tran

205 1071 405 1128 hendo
450 1078 696 1148 tempus,
745 1075 1108 1131 atrocitatem
1160 1074 1303 1132 facti
1353 1074 1669 1136 leniebant.
1746 1078 1858 1149 Ac,
1915 1080 1979 1135 ni

207 1168 278 1224 G.
322 1167 658 1239 Memmius,
698 1168 970 1225 tribunus
1003 1169 1190 1244 plebis
1226 1170 1578 1245 designatus»,
1609 1172 1702 1228 vir
1732 1191 1880 1243 acer,
1918 1179 1981 1229 et

205 1262 459 1319 infestus
492 1264 768 1337 potentiae
800 1264 1140 1335 nobilitatis,
1171 1266 1451 1340 populum
1484 1266 1816 1324 Romanum
1851 1268 1980 1324 edo-

203 1357 444 1431 cuisset,
481 1376 552 1415 In
587 1374 693 1417 Am
733 1377 836 1417 11121
878 1377 991 1420 PER.
1029 1377 1251 1419 PAUoos
1290 1378 1598 1419 monosos
1629 1361 1674 1419 J
1676 1378 1979 1420 neonium

199 1467 426 1513 scmus
464 1472 952 1528 cONDONAnn‘wn,
1001 1457 1258 1531 profecto
1301 1459 1488 1515 omnis
1531 1454 1979 1535 invidiassprola-

204 1552 409 1607 tandis
439 1553 956 1610 consultationibus
981 1553 1206 1627 dilapsa
1234 1560 1397 1611 erat:
1436 1560 1605 1610 tanta
1635 1554 1725 1611 vis
1756 1556 1973 1629 gratiae,

205 1655 388 1723 atque
434 1648 688 1725 pecuniae
734 1650 899 1725 regis.
982 1649 1114 1721 Sed,
1171 1651 1274 1707 ubi
1327 1657 1563 1707 senatus
1605 1651 1804 1708 delicti
1850 1669 1981 1707 con·

206 1746 453 1802 scientia
487 1746 764 1820 populum
799 1746 985 1814 timet,
1021 1746 1149 1821 lege
1177 1745 1516 1820 Sempronia
1545 1745 1857 1821 provinciae
1892 1747 1981 1804 fu-

205 1841 362 1899 turis
402 1843 730 1899 oonsulibus
767 1842 1051 1900 Numidia
1084 1848 1260 1917 atque
1300 1843 1479 1899 Italia
1524 1844 1805 1904 decretae:
1847 1867 1981 1905 con-

208 1938 365 1996 sules
399 1939 769 1996 declarantur
803 1939 869 1997 P.
916 1938 1107 2014 Scipio
1142 1938 1371 2009 Nasica,
1412 1939 1477 1997 L
1511 1939 1709 1997 Bestia
1740 1941 1976 2017 Calpur-

206 2032 344 2089 nius
368 2051 386 2088 τ
440 2031 753 2107 Calpurnio
806 2031 1104 2103 Numidia,
1162 2032 1420 2107 Scipioni
1466 2032 1644 2089 Italia
1696 2034 1971 2094 obvenit:

207 2128 420 2185 deinde
444 2130 750 2196 exercituin,
780 2128 882 2203 q-ui
910 2127 980 2184 in·
995 2128 1261 2185 Africam
1287 2133 1630 2203 portaretur,
1663 2115 1977 2190 scribitur&

206 2224 580 2299 stipendium,
609 2224 743 2293 alia,
770 2243 902 2298 quae
927 2224 1077 2281 bello
1102 2225 1236 2281 usui
1261 2225 1468 2296 forent,
1498 2224 1904 2284 decernuntur.

328 2319 647 2379 XXVHL
732 2320 823 2376 At
855 2318 900 2376 J
900 2319 1170 2395 ugurtha,
1209 2325 1410 2378 contra
1442 2339 1603 2394 spem
1637 2322 1852 2388 nuncio
1888 2340 1977 2378 ac-

207 2421 392 2491 cept0‚
434 2417 650 2492 quippe
677 2417 791 2488 cui,
820 2417 1028 2473 Romae
1055 2417 1252 2473 omnia
1286 2433 1500 2474 venum
1535 2416 1637 2488 ire,
1674 2417 1743 2473 in
1779 2419 1976 2484 animo

206 2493 467 2583 haeserat,
494 2512 697 2581 filium,
731 2518 793 2568 et
823 2530 957 2568 cum
988 2530 1056 2567 eo
1092 2511 1207 2566 duo
1241 2511 1568 2580 familiare&
1599 2511 1674 2568 ad
1708 2520 1974 2571 senatum

208 2607 428 2682 legatos
461 2608 684 2665 mittit:
722 2607 941 2683 hisque,
976 2612 1039 2662 ut
1074 2607 1207 2676 illis,
1246 2626 1397 2682 quos
1420 2606 1761 2682 Hiempsale
1794 2609 1973 2665 inter-

207 2702 359 2760 fecto
384 2702 637 2773 miserat,
675 2692 964 2778 praecepit,
994 2706 1030 2735 “
1043 2720 1245 2759 omnes
1283 2701 1553 2772 mortales
1592 2704 1837 2777 pecunia
1875 2705 1970 2761 ad-

209 2798 598 2875 grediantur.’'
682 2799 800 2869 Qui
830 2804 1139 2873 postquam
1170 2798 1414 2854 Romam
1453 2798 1866 2872 adventabant,
1891 2819 1973 2857 se-

210 2902 381 2953 natus
427 2915 464 2953 a
515 2895 718 2952 Bestia
761 2894 1055 2954 consultus
1114 2899 1219 2967 est,
1284 2909 1660 2951 pmcnnn'mn
1714 2911 1972 2953 menos

208 2993 556 3049 JUGURTHAE
607 3007 807 3049 RECIPI
858 3006 1172 3048 uoemnus:
1227 2990 1385 3065 iique
1431 2989 1748 3061 decrevere,
1807 2993 1842 3020 “
1857 2990 1972 3044 nisi

208 3105 453 3162 regnum
497 3086 801 3162 ipsumque
846 3086 1109 3143 deditum
1155 3086 1464 3154 venissent,
1515 3083 1608 3140 uti
1660 3084 1724 3139 in
1770 3082 1970 3158 diebus

208 3183 488 3259 proximis
523 3182 721 3240 decem
752 3181 933 3239 Italia
964 3180 1356 3238 decederent.’'
1441 3178 1655 3236 Consul
1695 3176 1971 3234 Numidis

210 3298 284 3335 ex
310 3277 498 3335 senati
523 3276 752 3335 decreto
778 3276 1044 3334 nunciari
1060 3276 1235 3351 jubet
1259 3297 1272 3333 ε
1312 3276 1399 3331 ita
1430 3273 1659 3330 infectis
1685 3272 1854 3328 rebus
1879 3272 1971 3329 illi

209 3373 444 3434 domum
480 3373 796 3432 discedunt.
880 3372 1131 3429 Interim
1167 3370 1529 3446 Calpurnius,
1568 3373 1768 3446 parato
1809 3385 1968 3426 exer·
