2292 3692
334 227 410 287 44
741 223 946 285 SALL
961 222 1194 282 USTII
1241 220 1294 278 J
1301 220 1359 279 U
1357 220 1408 279 G
1418 217 1716 278 URTHA.

452 381 596 441 LII.
681 380 768 439 Eo
806 380 980 438 modo
1019 378 1181 436 inter
1217 395 1278 434 se
1319 376 1436 433 duo
1475 374 1868 451 imperator-ea,
1905 373 2134 431 summi

331 480 465 549 viri,
494 476 834 549 certabant3
873 474 988 551 ipsi
1013 492 1198 551 pares,
1226 477 1487 531 ceterum
1525 471 1732 547 opibus
1772 469 2130 545 disparibus.

333 578 494 635 Nam
549 575 797 634 Metello
848 576 1042 632 virtus
1092 574 1354 631 militum
1407 577 1550 646 erat,
1594 572 1756 630 locus
1805 572 2131 629 adversus:

332 673 648 749 Jugurthae
684 671 801 729 alia
832 670 1043 742 omnia,
1072 677 1289 747 praeter
1313 669 1547 736 milites,
1574 673 1920 745 opportuna.
2010 666 2132 724 De-

333 769 514 845 nique
553 766 828 838 Romani,
864 767 970 824 ubi
1009 766 1369 842 intelligunt,
1409 785 1600 841 neque
1639 765 1751 822 sibi
1790 763 2131 841 perfugium

334 886 473 938 esse,
516 884 707 942 neque
747 866 823 922 ab
869 865 1036 922 hoste
1082 864 1309 940 copiam
1354 860 1656 940 pugnandi
1701 860 1846 933 fieri,
1888 867 1952 917 et
1999 862 2130 936 jam

333 962 432 1020 die
451 981 656 1038 vesper
682 967 845 1034 erat3
875 960 1118 1018 adverso
1143 959 1306 1030 colle,
1329 959 1503 1015 sicuti
1529 967 1886 1033 praeceptum
1911 956 2127 1028 fuerat,

335 1056 610 1115 evadunt.
682 1056 920 1113 Amisso
946 1056 1090 1127 loeo,
1122 1054 1401 1111 Numidae
1426 1054 1543 1110 fusi
1569 1053 1872 1129 fugatique
1895 1074 1911 1111 t
1951 1053 2132 1130 pauci

337 1153 611 1211 interiere
632 1171 650 1224 3
688 1154 994 1229 plerosque
1018 1153 1296 1210 velocitas
1324 1157 1386 1209 et
1420 1152 1580 1227 regio
1615 1151 1883 1208 hostibus
1921 1151 2131 1225 ignara

339 1255 535 1307 tutata
578 1255 733 1307 sunt.
819 1248 1060 1306 Interea
1107 1247 1416 1319 Bomilcar,
1466 1265 1641 1324 quem
1689 1246 2023 1323 elephantis
2068 1253 2131 1306 et

338 1346 493 1421 parti
547 1344 847 1419 copiarum
899 1345 1255 1420 pedestrium
1309 1344 1650 1420 praefectum
1703 1344 1778 1401 ab
1822 1343 1867 1401 J
1869 1343 2132 1420 ugurtha

337 1458 515 1515 supra
560 1437 833 1511 diximus,
876 1440 982 1498 ubi
1026 1457 1164 1497 eum
1212 1440 1480 1497 Rutilius
1531 1447 1971 1516 praetergressus
2019 1444 2125 1510 est,

339 1535 645 1610 paullatim
691 1555 825 1593 suos
870 1536 935 1593 in
987 1555 1246 1616 aequum3
1276 1538 1469 1594 locum
1522 1536 1758 1594 deducit
1778 1556 1796 1608 ;
1847 1554 1933 1607 ac,
1982 1533 2128 1591 dum

341 1632 567 1707 legatus
586 1631 660 1687 ad
679 1631 914 1702 fiumen,
934 1651 1051 1707 quo
1076 1632 1411 1707 praemissus
1437 1638 1578 1703 erat,
1602 1631 1885 1688 festinans
1912 1629 2121 1706 pergit,

340 1728 591 1805 quietus,
623 1727 714 1784 uti
753 1746 846 1784 res
884 1728 1238 1803 postulabat,
1268 1728 1450 1785 aciem
1485 1734 1768 1785 exornatt
1810 1746 2003 1802 neque
2042 1746 2128 1783 re·
2236 1699 2237 1764 ἶ

339 1825 548 1895 mittit,
570 1824 717 1900 quid
742 1823 961 1900 ubique
987 1823 1170 1881 hostis
1196 1830 1408 1903 ageret,
1434 1824 1749 1900 explorare.
1809 1824 2126 1900 Postquam

345 1918 643 1975 Rutilium
684 1919 1010 1976 consedisse
1044 1918 1190 1994 jam,
1235 1926 1296 1976 et
1335 1921 1535 1977 animo
1572 1939 1843 1992 vacuum,
1885 1920 2123 1996 accepit,

343 2016 633 2092 simulque
653 2033 729 2071 ex
744 2015 1057 2091 Jugurthae
1080 2016 1279 2092 praelio
1299 2017 1606 2074 clamorem
1628 2018 1859 2092 augeri3
1886 2018 2123 2088 veritus,

344 2127 420 2170 ne
458 2113 701 2188 legatus,
732 2112 967 2187 cognita
1006 2130 1084 2182 re,
1116 2110 1518 2169 laborantibus
1554 2111 1674 2168 suis
1709 2111 1933 2168 auxilio
1959 2111 2122 2182 foret,

321 2207 546 2314 fciem,
576 2226 771 2283 quam,
802 2206 1067 2264 diffidens
1091 2207 1307 2264 virtuti
1336 2208 1610 2278 militum,
1641 2214 1799 2264 arcte
1826 2212 2122 2278 statuerat,

346 2322 465 2379 quo
511 2303 770 2360 hostium
818 2303 1019 2361 itineri
1061 2303 1350 2373 obiiceret,
1394 2305 1572 2362 latius
1613 2303 1901 2381 porrigit3
1949 2324 2126 2382 eoque
2232 2371 2233 2384 χ

349 2397 522 2453 modo
548 2398 624 2454 ad
654 2396 872 2454 Rutilii
904 2403 1092 2455 castra
1116 2399 1392 2474 procedit.

470 2493 651 2550 LIII.
717 2494 989 2566 ¹Romani
1009 2515 1084 2553 ex
1103 2496 1421 2572 improviso
1441 2496 1699 2571 pulveris
1719 2497 1839 2553 vim
1862 2515 2124 2571 magnam

348 2587 843 2657 animadvertunt,
870 2608 1009 2646 nam
1042 2598 1409 2666 prospectum
1438 2611 1576 2667 ager
1600 2593 1854 2649 arbustis
1879 2591 2126 2650 consitus

350 2686 711 2763 prohibebat.
799 2685 880 2743 Et
918 2686 1110 2762 primo
1149 2688 1266 2744 rati
1291 2687 1537 2744 humum
1565 2687 1787 2745 aridam
1816 2694 1997 2746 vento
2021 2689 2127 2765 agi-

350 2784 467 2842 tari
492 2802 506 2840 2
542 2788 674 2859 post
694 2782 797 2839 ubi
824 2782 1170 2858 aequabilem
1200 2801 1446 2854 manere,
1473 2789 1548 2855 et,
1572 2783 1746 2841 sicuti
1773 2784 1923 2841 acies
1948 2803 2127 2851 moye-
2230 2775 2231 2866 ᾗ

350 2879 544 2946 batur,
585 2879 770 2953 magis
808 2878 1109 2954 magisque
1149 2878 1620 2955 adpropinquare
1659 2879 1877 2950 vident,
1907 2880 2128 2957 cognita

354 2993 435 3045 re,
479 2981 857 3049 properantes
908 2993 1071 3031 arma
1124 2976 1381 3050 capiunt,
1428 2994 1497 3031 ac
1546 2994 1655 3051 pro
1701 2975 1923 3047 castiis,
1964 2975 2128 3033 sicuti
2222 3014 2230 3028 ,

352 3071 768 3147 imperabatur,
793 3070 1136 3129 consistunt.
1210 3070 1457 3142 Deinde,
1479 3071 1587 3129 ubi
1613 3072 1852 3148 propius
1878 3076 2125 3143 ventum,

352 3167 653 3240 utrimque
692 3183 904 3240 magno
943 3164 1193 3223 clamore
1233 3167 1615 3227 concurritur.
1702 3167 1978 3226 Numidoe
2013 3173 2129 3226 tau·
2224 3183 2229 3250 j

353 3261 661 3320 tummodo
681 3261 974 3331 remomti‚
992 3261 1136 3319 dum
1156 3262 1218 3319 in
1241 3263 1567 3339 elephantis
1586 3264 1872 3321 auxilium
1897 3270 2101 3339 putant
2112 3284 2128 3337 3

357 3362 669 3433 postquam
711 3374 808 3412 eos
842 3354 1155 3432 impeditos
1190 3359 1368 3415 ramis
1395 3359 1685 3431 arborum,
1714 3365 1893 3436 atque
1918 3359 2006 3417 ita
2028 3359 2133 3418 dis-
2226 3355 2227 3360 ἵ
