2292 3692
644 212 846 272 SALL
860 205 1090 270 USTIJ
1137 211 1191 269 J
1199 213 1248 269 U
1255 213 1305 271 G
1318 208 1613 272 URTHA.
1947 211 2021 270 37

235 368 541 435 disserere,
563 369 810 439 tempus,
841 383 1016 438 quam
1042 383 1151 436 res,
1181 364 1468 421 maturius
1495 363 1732 422 deseret.
1811 359 2023 433 Quam-

245 462 445 517 obrem
475 461 549 516 ad
576 461 875 534 inceptum
903 461 1086 518 redeo,

368 556 611 613 XLIII.
699 556 843 612 Post
901 556 1054 612 Auli
1120 555 1321 627 foedus,
1379 557 1783 633 exercitusque
1835 558 2022 615 nostri

246 652 459 708 foedam
517 651 730 726 fugam,
793 650 859 718 Q„
919 651 1200 709 Metellus
1238 657 1301 708 et
1339 651 1424 708 Μ.
1470 652 1719 723 Silanus,
1761 655 2022 711 consules

244 746 550 822 designati,
592 746 918 821 provincias
954 748 1113 804 inter
1138 766 1198 804 se
1225 748 1617 824 partiverant:
1662 747 2020 824 Metelloque

244 842 533 900 Numidia
572 855 861 914 evenerat,
904 845 1026 900 acri
1078 845 1224 914 viro,
1287 850 1347 901 et
1388 863 1740 920 quamquam
1779 845 2020 901 adverso

243 939 445 1013 populi
474 941 747 1015 partium,
779 942 933 996 fama
959 947 1158 997 tamen
1184 941 1455 1017 aequabili
1482 946 1543 997 et
1577 940 1869 998 inviolata.
1955 940 2020 998 Is

243 1034 351 1090 ubi
375 1035 630 1109 primum
659 1037 1060 1110 magistratum
1088 1036 1378 1111 ingressus
1403 1041 1506 1107 est,
1546 1036 1661 1092 alia
1686 1036 1881 1092 omnia
1908 1036 2019 1092 sibi

244 1145 381 1187 dum
436 1131 653 1205 collega
709 1149 889 1201 ratuS,
940 1132 1014 1187 ad
1070 1132 1306 1201 bellum,
1359 1132 1513 1207 quod
1552 1139 1819 1206 gesturus
1873 1137 2015 1202 erat,

243 1225 509 1282 animum
566 1226 837 1284 intendit.
923 1226 1136 1302 Igitur,
1189 1226 1452 1283 diffidens
1491 1225 1677 1282 veteri
1714 1226 2014 1297 exercitui,

241 1320 463 1377 milites
516 1321 781 1392 scribere,
839 1322 1104 1397 praesidia
1156 1322 1416 1397 undique
1469 1339 1784 1378 arcessere:
1835 1340 2013 1388 arma,

242 1414 380 1486 tela,
422 1435 616 1491 equOS,
651 1421 712 1472 et
748 1423 940 1472 cetera
967 1417 1361 1473 instrumenta
1387 1416 1629 1487 militiae,
1659 1435 1899 1491 parare:
1941 1418 2013 1474 ad

242 1510 355 1568 hoc
393 1517 777 1568 commeatum
817 1512 1076 1569 affatim:
1136 1512 1386 1588 denique
1434 1512 1645 1583 omnia,
1691 1531 1826 1587 quae
1865 1512 2016 1569 bello

244 1607 426 1677 varin,
485 1612 546 1663 et
602 1607 921 1663 multarum
975 1626 1174 1663 rerum
1225 1608 1433 1681 egenti,
1475 1607 1608 1663 usui
1648 1626 1768 1663 esse
1808 1608 2010 1665 solent.

127 1685 154 1720 ‘⁰
240 1702 517 1759 ,Ceterum
558 1703 632 1759 ad
676 1722 744 1759 ea
781 1705 1067 1780 patranda
1105 1705 1292 1761 sensti
1341 1704 1686 1760 auctoritate
1734 1705 1873 1761 socii
1919 1724 2012 1772 no-

239 1817 494 1873 menque
526 1798 820 1872 Latinum,
857 1806 923 1856 et
957 1819 1119 1875 reges
1146 1801 1305 1857 ultro
1331 1800 1553 1856 auxilia
1579 1801 1852 1871 mitter03
1892 1819 2012 1875 pos-

241 1899 429 1949 tremo
462 1888 650 1950 omuis
681 1895 888 1951 civitas
931 1914 1156 1951 summo
1191 1895 1385 1952 studio
1421 1894 1806 1951 adnitebatur.
1893 1892 2012 1950 Ita-

240 2005 375 2062 que,
403 2007 480 2044 ex
507 1990 799 2046 sententio.
826 1990 1093 2047 omnibus
1112 1990 1285 2047 rebus
1313 2009 1416 2064 pax
1416 1990 1530 2046 at1s
1549 1987 2008 2063 compositisque,

241 2084 307 2140 in
350 2069 693 2140 Numidiam
732 2085 1133 2160 proficiscitur,
1192 2104 1402 2161 magna
1456 2103 1557 2160 spe
1605 2084 1839 2154 civium,
1881 2103 2013 2142 cum

240 2186 481 2255 propter
507 2181 683 2236 bonas
708 2190 878 2253 artes»,
907 2188 1037 2238 tum
1066 2183 1336 2252 maxime,
1356 2181 1508 2257 quod
1530 2180 1837 2237 adversum
1866 2180 2012 2235 divi-

209 2276 357 2333 ¹tias
391 2276 679 2332 invictum
714 2278 977 2335 animum
1011 2280 1284 2353 gerebat3
1328 2285 1388 2333 et
1428 2278 1676 2333 avaritia
1717 2277 2012 2351 magistra-

241 2378 415 2427 tuum
440 2378 583 2427 aute'
597 2372 660 2428 id
687 2374 958 2448 tempus
941 2393 1006 2429 m
1033 2373 1317 2430 Numidia
1342 2377 1553 2428 nostrae
1580 2389 1715 2447 opes
1741 2380 2010 2438 contusae,

241 2467 616 2540 hostiumque
641 2475 827 2524 auctae
854 2473 1037 2523 erant.

361 2562 599 2621 XLIV
682 2562 811 2633 Sed,
855 2564 957 2620 ubi
997 2563 1062 2619 in
1098 2563 1365 2619 Africam
1404 2561 1586 2630 venit,
1629 2561 1919 2618 exercitus
1959 2562 2013 2618 ei

240 2659 501 2715 traditur
532 2656 627 2733 Sp.
673 2657 881 2714 Albini
919 2658 1293 2733 proconsuliS,
1327 2657 1498 2725 iners,
1527 2656 1795 2726 imbellis,
1824 2675 2012 2732 neque

239 2757 499 2831 periculi,
558 2777 746 2834 neque
801 2758 1013 2814 laboris
1069 2756 1311 2832 patiens,
1363 2756 1564 2832 lingua
1605 2777 1778 2831 quam
1834 2777 2011 2814 manu

240 2854 567 2929 promptior
598 2854 887 2929 praedator
919 2873 993 2910 ex
1028 2854 1213 2923 sociis,
1249 2858 1309 2909 et
1340 2852 1463 2927 ipse
1498 2853 1693 2927 praeda
1737 2852 2008 2923 hostium,

240 2947 368 3003 sine
388 2946 634 3022 imperio
658 2958 721 3005 et
748 2949 1029 3006 modestia
1057 2948 1302 3005 babitus.
1373 2947 1475 3004 Ita
1499 2948 1834 3022 imperatori
1861 2968 2012 3004 novo

237 3042 377 3118 plus
416 3062 493 3100 ex
533 3043 700 3101 malis
741 3045 997 3102 moribus
1036 3029 1459 3114 sollicitudinis,
1517 3062 1693 3118 quam
1733 3063 1808 3099 ex
1848 3041 2011 3116 copia.

239 3137 499 3194 militum
554 3139 763 3196 auxilii
818 3145 923 3196 aut
977 3141 1099 3215 spei
1147 3141 1328 3211 bonae,
1383 3139 1701 3197 accedebat.
1787 3137 2012 3194 Statuit

240 3239 443 3289 tamen
500 3231 791 3305 Metellus,
848 3254 1203 3312 quamquam
1262 3242 1322 3292 et
1386 3236 1722 3293 oestivorum
1781 3238 2011 3306 tempus

239 3328 614 3408 comitiorum
638 3349 804 3390 mora
831 3332 912 3390 im
921 3331 1229 3402 minuerat,
1261 3338 1322 3390 et
1353 3330 1780 3406 exspectatione
1812 3330 2011 3408 eventi
