2292 3692
629 271 1066 333 SALLUSTIJ
1113 268 1168 332 J
1177 273 1234 334 U
1233 274 1284 333 G
1294 275 1597 337 URTHA.
1925 284 2000 342 55

218 441 352 480 eum
406 441 513 480 suo
555 424 777 481 auxilio
822 441 1022 502 poeuas
1068 433 1272 503 petat:
1314 428 1608 487 hominem
1651 432 1726 489 ob
1769 436 2000 494 morbos

216 520 419 575 animo
438 537 646 596 parum
672 521 869 578 valido
890 524 1141 580 secunda
1169 525 1432 582 oratione
1458 526 1695 584 extollit
1721 550 1736 590 z
1785 530 1998 588 “illum

214 634 430 691 regem,
461 617 761 692 ingentem
801 619 1013 691 virum,
1058 619 1391 678 Masinissae
1429 630 1704 698 nepotem
1744 644 1904 685 esse:
1946 629 1998 684 si

213 710 258 767 J
259 711 519 786 ugurtha
544 717 765 788 captus,
795 720 903 772 aut
927 714 1166 786 occisus,
1195 716 1506 791 imperium
1535 718 1833 777 Numidiae
1870 723 1996 779 sine

211 826 381 865 mora
406 808 750 867 habiturum
775 830 788 867 :
829 810 894 867 id
918 810 1063 868 adeo
1089 820 1321 868 mature
1346 831 1514 895 posse
1540 817 1788 887 evenire,
1805 818 1857 874 si
1872 819 1996 893 ipse

208 905 424 962 consul
451 906 524 964 ad
549 906 613 965 id
650 907 872 965 bellum
911 909 1120 980 missus
1161 910 1365 982 ἔρξω-,θ’
1449 910 1663 987 Itaque
1701 919 1763 971 et
1801 914 1989 986 illum,
2044 902 2063 976 ’ζ

208 1010 272 1060 et
302 1004 529 1079 equites
556 1003 870 1073 Romame,
898 1005 1117 1063 milites
1146 1012 1207 1062 et
1233 1006 1636 1081 negotiatores,
1666 1008 1814 1066 alios
1846 1010 1988 1086 ipse,

205 1098 519 1175 plerosque
558 1119 687 1177 spes
725 1102 885 1176 pacis
924 1101 1194 1177 impellit,
1223 1102 1317 1158 uti
1352 1102 1604 1159 Romam
1635 1104 1708 1161 ad
1737 1122 1871 1161 suos
1895 1125 1993 1163 ne-

205 1196 486 1252 cessarios
509 1214 713 1272 aspere
737 1197 801 1253 in
829 1196 1144 1254 Metellum
1163 1197 1238 1254 de
1264 1198 1415 1256 bello
1431 1200 1705 1271 scribant,
1725 1201 1987 1260 Marium

199 1292 624 1367 imperatorem
681 1299 939 1369 poscant.
1045 1293 1144 1350 Sic
1183 1293 1273 1350 illi
1312 1309 1353 1352 a
1387 1295 1593 1353 multis
1646 1298 1988 1355 mortalibus

172 1429 181 1436 -
201 1387 616 1446 honestissima
631 1389 1045 1465 suffragatione
1072 1389 1410 1447 consulatus
1425 1392 1733 1467 petebatur
1755 1411 1769 1449 ε
1811 1393 1985 1450 simul

202 1505 272 1542 ea
298 1491 647 1561 tempestate
670 1487 882 1563 plebes,
914 1488 1223 1545 nobilitate
1249 1488 1380 1546 fusa
1406 1508 1511 1566 per
1542 1490 1730 1566 legem
1772 1492 1984 1549 Mami-

201 1581 359 1654 liam,
392 1603 571 1640 novos
597 1583 930 1641 extollebat.
1018 1584 1117 1641 Ita
1143 1584 1338 1642 Mario
1363 1595 1577 1643 cuncta
1601 1589 1924 1663 procedere.

323 1677 558 1736 LXVI.
644 1679 899 1736 Interim
924 1679 969 1737 J
972 1680 1240 1755 ugurtha,
1275 1687 1600 1757 postquam,
1644 1683 1853 1741 omissa
1885 1684 1982 1740 de-

200 1773 444 1843 ditione,
473 1774 692 1832 bellum
712 1775 938 1851 incipit,
969 1795 1105 1832 cum
1130 1793 1343 1852 magna.
1368 1796 1509 1834 cura
1533 1796 1739 1853 parare
1765 1780 1976 1848 omnia,
2008 1799 2013 1806 ¹

197 1870 498 1936 festinare,
526 1890 726 1946 cogere
754 1872 1073 1929 exereitum
1103 1891 1117 1929 t
1161 1872 1446 1942 civitatee,
1476 1889 1605 1947 quae
1630 1871 1705 1928 ab
1732 1890 1794 1929 se
1821 1872 1977 1929 defe-

198 1949 419 2034 ceraffiz,
459 1966 787 2038 formidine,
829 1975 935 2024 aut
975 1967 1324 2025 ostentando
1363 1967 1618 2043 praemia,
1648 1967 1973 2025 adfectare:

197 2062 559 2137 communire
585 2080 720 2119 suos
747 2063 900 2120 locos
923 2083 941 2136 3
984 2082 1163 2133 arma,
1201 2062 1337 2133 tela,
1375 2062 1509 2133 alia,
1537 2082 1667 2138 quae
1696 2080 1796 2138 spe
1814 2063 1973 2139 pacis

195 2157 488 2230 amiserat,
506 2159 754 2230 reficere,
774 2164 880 2215 aut
894 2159 1296 2216 commercari:
1314 2158 1556 2216 servitia
1577 2159 1976 2216 Romanorum

195 2254 462 2326 adlicere,
507 2264 568 2311 et
607 2274 704 2312 eos
742 2255 912 2331 ipsos,
942 2257 1047 2332 qui
1085 2257 1152 2312 in
1189 2257 1477 2333 praesidiis
1515 2263 1699 2329 erant,
1727 2257 1975 2333 pecunia

195 2358 467 2411 tentare:
508 2369 745 2428 prorsus
784 2353 934 2409 nihil
974 2354 1265 2409 intactum
1305 2371 1496 2429 neque
1521 2353 1789 2428 quietum
1816 2354 1970 2428 pati:

195 2454 410 2505 cuncta
434 2449 672 2523 agitare.
758 2448 956 2524 Igitur
981 2448 1304 2523 Vagenses,
1334 2466 1452 2524 quo
1480 2446 1760 2505 Metellus
1779 2448 1969 2518 initio,

193 2543 238 2601 J
238 2542 497 2619 ugurtha
535 2543 892 2619 pacificante,
936 2544 1272 2619 praesidium
1324 2544 1694 2619 imposuerat,
1739 2543 1972 2619 fatigati

194 2640 349 2715 regis
376 2639 695 2716 suppliciiS,
726 2659 918 2716 neque
953 2647 1129 2697 antea.
1167 2640 1473 2697 voluntate
1507 2639 1771 2709 alienati,
1813 2640 1971 2715 prin-

194 2736 349 2813 cipes
377 2736 634 2793 civitatis
650 2736 808 2793 inter
834 2755 895 2792 se
922 2737 1233 2811 conjurant
1258 2757 1272 2793 z
1312 2755 1452 2793 nam
1478 2737 1706 2812 vulgus,
1738 2737 1831 2793 uti
1850 2736 1970 2811 ple-

192 2851 441 2910 rumque
468 2834 633 2906 solet,
665 2841 727 2892 et
753 2836 1009 2892 maxime
1037 2834 1452 2906 Numidarum,
1481 2836 1718 2910 ingenio
1744 2835 1962 2907 mobili,

193 2930 532 2992 seditiosum
558 2936 739 3005 atque
766 2929 1182 3004 discordiosum
1208 2936 1351 3001 erat,
1381 2931 1660 3006 cupidum
1680 2948 1967 2987 novarum

191 3041 404 3096 rerum,
435 3026 624 3102 quieti
649 3034 711 3084 et
738 3027 858 3084 otio
884 3027 1214 3084 adversum.
1259 3025 1433 3097 Dein,
1456 3024 1787 3100 compositis
1810 3024 1968 3080 inter

191 3140 251 3179 se
278 3122 468 3190 rebus,
510 3122 573 3180 in
613 3124 768 3181 diem
808 3124 1051 3181 tertium
1088 3123 1478 3193 constituunt,
1506 3121 1663 3198 quod
1688 3120 1756 3191 is,
1784 3121 1965 3178 festus

191 3223 625 3299 celebratusque
650 3242 757 3299 per
780 3241 1010 3280 omnem
1036 3222 1322 3293 Africam,
1347 3221 1556 3279 ludum
1581 3225 1644 3276 et
1667 3218 1964 3277 lasciviam

190 3319 390 3395 magis,
435 3337 613 3395 quam
652 3319 1040 3391 formidinem,
1083 3317 1433 3375 ostentabat.
1517 3313 1649 3385 Sed,
1677 3314 1784 3371 ubi
1817 3321 1962 3371 tem-

192 3435 302 3491 pus
332 3416 465 3488 fuit,
497 3417 862 3474 centuriones
901 3415 1286 3490 tribunosque
1325 3412 1627 3488 militares,
1669 3419 1730 3470 et
1769 3412 1961 3490 ipsum
