2292 3692
335 237 418 301 74
739 238 944 297 SALL
957 238 1192 298 USTII
1239 239 1292 296 J
1300 239 1406 299 Ua
1419 238 1713 299 URTHA.

337 390 636 460 accideret,
667 395 755 446 'an
797 388 1123 446 mobilitate
1178 387 1402 464 ingenii
1440 407 1640 465 pacem
1680 395 1859 468 atque
1901 390 2132 450 bellum

338 492 568 544 mutare
593 485 812 556 solitus,
843 503 1050 560 parum
1078 485 1466 560 exploratum.
2053 484 2060 491 ’

457 581 823 641 LXXXIX.
910 581 1024 637 Sed
1049 581 1267 648 consul,
1301 581 1395 637 uti
1421 587 1726 655 statuerat,
1764 583 1982 659 oppida
2006 604 2130 642 cas-

337 679 593 755 tellaque
624 678 853 738 munita
887 677 1049 734 adire
1074 698 1086 734 ε
1128 678 1344 753 partim
1369 678 1447 749 vi,
1493 679 1609 735 alia
1637 691 1815 750 metu,
1845 686 1955 738 aut
1980 700 2128 756 prae-

338 777 459 833 mia
484 775 843 850 ostentando,
873 779 1134 831 avertere
1155 774 1230 831 ab
1245 774 1524 832 hostibus.
1584 775 1680 832 Ac
1695 776 1888 851 primo
1907 777 2130 834 medio-

339 871 460 928 cria
483 871 735 946 gerebat,
776 870 1134 939 existimans,
1167 868 1531 946 ‚Iugurtham
1567 871 1641 927 ob
1680 889 1814 928 suos
1840 873 2128 931 tutandos

338 969 406 1024 in
435 986 643 1024 manus
677 972 1011 1024 venturum.
1094 965 1224 1037 Sed,
1261 966 1365 1023 ubi
1390 966 1559 1023 illum
1586 957 2128 1042 promet

258 1060 266 1066 ’
338 1063 471 1120 aliis
496 1064 745 1139 negotiis
769 1063 1085 1133 intentum,
1115 1063 1354 1138 accepit,
1384 1045 1606 1138 maj‘ora
1627 1069 1686 1120 et
1706 1063 1891 1140 magis
1917 1082 2128 1139 aspera

339 1159 577 1236 adgredi
604 1165 837 1235 tempus
862 1159 1054 1215 visum
1080 1164 1185 1215 est.
1270 1157 1420 1215 Erat
1447 1160 1604 1216 inter
1628 1159 1893 1235 ingentes
1918 1159 2125 1216 solitu-

339 1256 507 1314 dines
539 1257 816 1332 oppidum
855 1275 1134 1331 magnum
1170 1261 1348 1331 atque
1383 1256 1599 1326 valens,
1639 1258 1875 1314 nomine
1913 1256 2123 1331 Capsa,

337 1354 506 1429 cujus
545 1354 811 1410 conditor
866 1352 1154 1409 Hercules
1209 1350 1390 1425 Libys
1447 1352 1892 1411 memorabatur.
1979 1351 2126 1427 Ejus
2212 1399 2231 1412 ,.

340 1449 497 1506 cives
532 1449 686 1531 agl-id
721 1448 765 1505 J
770 1448 1082 1524 ugurtham
1128 1448 1435 1517 immunes,
1486 1435 1900 1531 16ἵίἯίῐῆ11Ρωὶορ
1945 1454 2012 1504 et
2049 1438 2131 1503 ob¹
2206 1503 2212 1510 ,

341 1563 412 1603 ea
435 1545 758 1601 fidelissimi
784 1543 1152 1601 habebantur
1176 1565 1188 1601 :
1232 1542 1449 1600 muniti
1464 1543 1773 1601 adversum
1793 1543 1988 1601 hostes
2004 1562 2125 1601 non
2240 1567 2243 1622 χ

341 1640 630 1696 moenibus
685 1639 871 1711 mode,
923 1645 985 1696 et
1029 1639 1208 1695 armis
1247 1645 1427 1714 atque
1465 1639 1627 1711 virm,
1683 1658 1890 1696 verum
1940 1640 2125 1698 etiam

341 1738 531 1795 multo
577 1738 760 1813 magis
816 1737 1073 1793 locorum
1129 1736 1456 1811 asperitate.
1514 1736 1716 1808 ·Nam‚
1759 1743 1976 1812 praeter
2025 1756 2125 1812 op-

342 1833 481 1914 pido
533 1835 875 1909 propinqua,
934 1833 1052 1890 alia
1103 1833 1301 1889 omnia
1352 1838 1536 1900 vasta,
1598 1833 1839 1905 inculta,
1891 1835 2124 1909 egentia

342 1949 525 2007 aquae,
554 1929 767 1986 infesta
793 1927 1158 2004 serpentibus
1186 1949 1200 1985 t
1239 1946 1490 2004 quarum
1516 1929 1620 2000 vis,
1659 1929 1835 1986 sicuti
1860 1933 2124 1990 omnium

343 2027 614 2098 ferarum,
650 2025 849 2100 inopia
884 2023 1001 2080 cibi
1027 2024 1213 2080 acrior
1236 2044 1250 2081 :
1292 2023 1368 2081 ad
1389 2024 1497 2081 hoc
1517 2031 1732 2081 natura
1746 2014 2118 2100 serpentium,

342 2122 471 2196 ipsa
508 2120 844 2196 perniciosa,
888 2120 990 2175 siti
1030 2119 1229 2194 magis,
1274 2139 1453 2196 quam
1493 2120 1609 2176 alia
1646 2138 1726 2191 re,
1768 2121 2118 2181 accenditur.

344 2217 489 2292 Ejus
529 2216 792 2292 potiendi
839 2214 1097 2272 Marium
1131 2216 1388 2272 maxima
1423 2217 1634 2291 cupido
1658 2218 1970 2292 invaserat,
1993 2239 2120 2277 cum

343 2318 581 2389 propter
606 2330 777 2368 usum
804 2312 960 2382 belli,
990 2318 1120 2368 tum
1153 2311 1292 2386 quia
1329 2331 1420 2368 res
1448 2332 1651 2388 aspera
1675 2313 2026 2390 videbatur3
2060 2325 2120 2375 et
2202 2385 2207 2390 ‚

344 2410 624 2467 Metellus
660 2407 939 2485 oppidum
965 2408 1210 2465 Thalam
1242 2429 1453 2486 magna
1478 2411 1663 2486 gloria
1689 2418 1938 2489 ceperat,
1965 2414 2119 2472 haud

343 2507 704 2564 dissimiliter
743 2507 924 2563 situm
960 2507 1375 2583 munitumque
1395 2527 1414 2580 3
1454 2508 1572 2564 nisi
1598 2508 1754 2583 quod
1788 2509 1947 2584 apud
1975 2509 2118 2567 Tha-

341 2605 460 2661 lam
498 2603 654 2660 haud
688 2603 858 2678 longe
890 2621 926 2658 a
965 2604 1254 2660 moenibus
1288 2603 1514 2678 aliquot
1546 2603 1736 2660 fontes
1761 2610 1946 2675 erant,
1981 2605 2118 2681 Cap-

341 2718 534 2756 senses
572 2719 693 2755 una
728 2698 916 2764 mod0,
954 2704 1132 2773 atque
1172 2717 1241 2755 ea
1274 2699 1432 2756 intra
1463 2698 1758 2775 oppidum,
1787 2700 1922 2776 jugi
1953 2669 2117 2777 aqua]
2234 2709 2235 2738 ³

341 2800 535 2853 cetera
559 2794 762 2870 pluvia
786 2796 1119 2852 utebantur.
1193 2793 1271 2851 Id
1289 2791 1502 2871 ibique,
1527 2802 1588 2852 et
1615 2795 1682 2851 in
1707 2797 1869 2852 omni
1897 2795 2111 2866 Africa,
2230 2858 2234 2874 W

342 2911 473 2968 quae
513 2891 713 2967 procul
754 2910 790 2947 a
828 2891 977 2946 mari
1016 2889 1298 2946 incultius
1337 2889 1560 2965 agebat,
1603 2908 1672 2946 eo
1710 2889 1942 2948 facilius
1981 2892 2115 2948 tole·
2232 2891 2233 2966 1

342 2988 596 3059 rabatur‚
656 2987 797 3063 quia
851 2986 1127 3044 Numidae
1168 2977 1537 3062 ‘plerumque
1596 2984 1746 3041 lacte
1812 2990 1874 3042 et
1939 2986 2115 3044 ferina

341 3101 514 3139 carne
540 3084 936 3153 vescebantur,
965 3100 1156 3157 neque
1175 3081 1368 3152 salem,
1399 3100 1590 3157 neque
1615 3081 1731 3139 alia
1755 3082 2112 3142 irritamenta
2230 3111 2231 3114 ¹

343 3176 493 3251 gulae
532 3178 871 3254 quaerebant
894 3196 912 3248 3
966 3178 1129 3234 cibus
1170 3177 1304 3246 -illis
1343 3177 1651 3235 adversum
1691 3178 1906 3236 famem
1945 3186 2111 3256 atque

239 3297 245 3310 ·
345 3275 522 3345 sitim,
551 3294 671 3331 non
698 3273 951 3330 lubidini
975 3291 1166 3350 neque
1192 3272 1461 3345 luxuriae,
1491 3278 1631 3331 erat.
