2292 3692
587 255 1033 318 SALLUSTII
1078 260 1557 325 JUGURTHA.
1924 270 1973 327 ‘7
2076 343 2089 352 θ

170 408 317 480 viri,
368 413 501 467 tum
543 413 733 487 gratia
773 419 1087 489 pet-metue,
1145 414 1313 472 flexit
1360 415 1623 472 animum
1665 434 1853 487 suum,
1912 424 1971 474 et

171 503 220 561 J
224 504 547 580 ugurtham
574 507 868 565 beneficiis
895 496 1126 567 vincer‘e
1154 511 1456 584 adgressus
1484 517 1611 583 eet3
1654 512 1970 588 §Statimque
2109 503 2191 610 [fl

173 617 320 655 eum
346 601 666 676 adoptavit,
710 608 772 659 et
810 610 1160 662 testamento
1199 606 1423 681 pariter
1461 625 1594 663 cum
1635 606 1773 663 filiis
1816 608 1970 665 here·
1997 569 2087 666 173

173 692 320 749 dem
360 696 635 755 instituit,
722 698 838 756 Sed
877 700 1002 775 ipse
1029 718 1243 775 paucos
1266 706 1399 775 post
1425 720 1623 773 annm,
1655 703 1857 760 morbo
1884 711 1970 761 at-

174 808 298 864 que
330 796 503 848 aetate
542 793 855 868 confectae,
885 815 1020 853 cum
1048 796 1162 853 sibi
1197 796 1376 854 finem
1403 798 1543 854 vitae
1571 798 1768 855 adesse
1793 798 1970 855 intel-

173 884 410 961 ligeret,
454 906 646 945 coram
686 889 889 947 amicis
929 897 990 947 et
1029 892 1307 966 cognatiS,
1349 893 1495 949 item
1530 893 1868 950 Adherbale
1909 902 1968 951 et

178 981 531 1058 Hiempsale
569 984 724 1058 filiis,
770 987 988 1045 dicitur
1025 988 1428 1065 hujuscemodi
1467 991 1648 1047 verba
1686 1009 1821 1048 cum
1859 992 1894 1050 J
1906 999 1966 1049 u'-

175 1077 403 1154 gurtha
428 1080 710 1141 habuisse.

302 1184 383 1242 X.
451 1189 484 1218 “
506 1186 764 1244 Parvum
793 1207 912 1264 ege,
936 1188 982 1245 J
983 1188 1257 1264 ugurtha,
1286 1194 1364 1261 te,
1395 1184 1605 1247 amisso
1626 1197 1809 1267 patre,
1837 1194 1962 1250 sine

177 1298 296 1355 spe,
334 1282 460 1338 sine
487 1282 708 1358 opibuS,
747 1285 811 1340 in
849 1304 1044 1342 meum
1071 1306 1318 1362 regnum
1345 1288 1539 1363 accepi
1562 1308 1580 1360 3
1622 1288 1962 1346 existimans

175 1395 300 1433 non
328 1378 524 1435 minus
551 1398 642 1435 me
668 1380 782 1436 tibi
809 1399 985 1455 quam
1005 1381 1221 1454 liberie,
1246 1384 1297 1439 si
1322 1384 1666 1458 genuissem,
1691 1384 1765 1440 ob
1792 1384 1962 1441 bene-

175 1472 311 1530 ficia
369 1493 569 1531 carum
623 1475 783 1534 fore:
838 1496 1031 1552 neque
1085 1496 1155 1533 ea
1206 1497 1300 1535 res
1346 1479 1559 1535 falsum
1600 1498 1695 1536 me
1734 1480 1955 1537 habuit.

176 1568 355 1641 Nam,
401 1575 470 1627 ut
510 1571 627 1627 alia
664 1590 875 1647 magna
917 1578 978 1629 et
1016 1574 1245 1648 egregia
1292 1580 1398 1630 tua
1446 1576 1730 1648 omittam,
1773 1579 1961 1634 novis-

176 1667 335 1738 sime,
367 1666 596 1724 rediens
622 1666 965 1738 Numantia,
996 1686 1205 1743 meque
1231 1688 1591 1745 regnumque
1618 1689 1815 1727 meum
1844 1670 1961 1746 glo-

176 1764 266 1822 ria
300 1762 696 1820 honoravisti:
740 1770 845 1820 tua
871 1764 1093 1820 virtute
1127 1763 1293 1820 nobis
1335 1764 1630 1821 Romanos
1658 1783 1733 1820 ex
1760 1765 1958 1822 amicis

177 1859 552 1916 amicissimos
592 1859 815 1917 fecisti:
858 1861 922 1916 in
949 1858 1244 1934 Hispania
1270 1876 1485 1915 nomen
1518 1861 1759 1918 familiae
1799 1880 1958 1916 reno-

176 1963 382 2012 vatum
422 1961 544 2015 est:
596 1962 903 2031 postremO,
953 1955 1112 2030 quod
1153 1954 1559 2012 difficillimum
1600 1957 1760 2013 inter
1804 1974 1955 2012 mor-

176 2051 323 2109 tales
344 2056 448 2123 est,
477 2052 662 2126 gloria
688 2052 972 2108 invidiam
989 2051 1199 2108 vicisti.
1283 2050 1346 2106 N
1349 2069 1478 2121 unc,
1504 2052 1776 2127 quoniam
1808 2053 1955 2112 mihi

178 2155 389 2206 natura
426 2148 565 2205 vitae
604 2148 780 2205 finem
819 2148 974 2218 facit,
1017 2167 1121 2223 per
1161 2146 1310 2204 hanc
1338 2147 1623 2218 dextram,
1653 2166 1758 2223 per
1784 2152 1949 2225 regni

177 2247 347 2306 fidem
371 2266 578 2304 moneo
608 2246 974 2322 obtestorque
1012 2250 1089 2315 te,
1133 2245 1224 2299 uti
1264 2243 1383 2314 hoe,
1427 2245 1530 2320 qui
1570 2246 1682 2302 tibi
1720 2265 1929 2321 genere

179 2343 499 2421 propinqui,
542 2343 819 2400 beneficio
860 2355 987 2398 me'o
1026 2341 1237 2397 fratres
1276 2346 1431 2412 sunt,
1486 2360 1645 2398 caros
1687 2342 1899 2400 habeas
1911 2362 1928 2414 3

180 2462 291 2500 neu
309 2441 477 2497 malis
498 2441 717 2497 alienos
743 2439 1075 2515 adjungere,
1098 2456 1274 2512 quam
1303 2437 1585 2513 sanguine
1605 2438 1959 2513 conjunctos

180 2538 437 2596 retinere.
508 2536 649 2593 Non
679 2536 964 2593 exercitus
983 2552 1176 2609 neque
1196 2533 1459 2591 thesauri
1491 2534 1759 2608 praesidia
1783 2538 1948 2612 regni

133 2634 140 2642 '
180 2640 327 2704 sunt,
369 2652 568 2690 verum
626 2631 815 2704 amici,
861 2650 1006 2707 quos
1044 2648 1236 2705 neque
1276 2629 1454 2686 armis
1495 2648 1713 2706 cogere,
1757 2650 1947 2707 neque

180 2749 315 2787 auro
365 2747 568 2804 parare
613 2747 824 2803 queas:
879 2726 1063 2783 officio
1109 2732 1171 2782 et
1224 2724 1340 2782 fide
1387 2725 1714 2800 pariuntur.
1801 2726 1945 2796 Quis

180 2830 366 2882 autem
401 2822 657 2892 amicior,
686 2840 864 2897 quam
891 2821 1074 2877 frater
1098 2820 1313 2879 fratri?
1355 2825 1462 2876 aut
1487 2839 1660 2895 quem
1687 2821 1943 2878 alienum

180 2920 351 2977 fidum
388 2919 667 2989 invenie&
712 2918 763 2974 si
801 2917 920 2974 tuis
972 2916 1158 2973 hostis
1201 2916 1421 2974 fueris?
1505 2917 1794 2992 Equidem
1835 2937 1940 2993 ego

179 3018 333 3076 vobis
358 3035 604 3091 regnum
642 3015 811 3072 trado
849 3014 1101 3081 firmum,
1146 3014 1198 3071 si
1237 3014 1377 3071 boni
1420 3013 1622 3085 eritis;
1662 3014 1754 3070 sin
1779 3014 1936 3085 mali,

181 3112 535 3170 imbecillum.
620 3111 779 3167 Nam
807 3110 1110 3168 concordia
1136 3127 1331 3185 parvae
1370 3126 1462 3165 res
1503 3113 1785 3179 crescunt,
1829 3107 1940 3165 dis-

182 3208 362 3266 cordia
414 3208 683 3264 maximae
736 3206 1095 3264 dilabuntur.
1185 3204 1461 3263 Ceterum
1512 3208 1651 3260 ante
1700 3203 1806 3260 hos
1857 3209 1935 3273 te,

182 3304 222 3362 J
223 3304 478 3380 ugurtha,
499 3304 603 3379 qui
629 3308 800 3360 aetate
826 3307 889 3360 et
914 3299 1199 3376 sapientia
1217 3299 1376 3375 prior
1402 3317 1477 3368 οε,
1494 3315 1570 3355 ne
1595 3296 1768 3353 aliter
1793 3299 1935 3373 quid

184 3400 413 3472 eveniat,
457 3399 760 3476 providere
801 3397 980 3456 decet.
1067 3395 1246 3467 Nam,
1289 3394 1357 3450 in
1396 3393 1560 3450 omni
1598 3393 1929 3466 certamine,
