2292 3692
306 251 383 311 28
702 250 903 310 SALL
915 250 1147 310 USTII
1196 250 1362 309 JUG
1376 250 1670 313 UM‘HA.

298 407 404 476 est,
431 403 682 479 populus
709 403 1030 477 Romanus,
1057 403 1268 461 invicti
1293 404 1369 460 ab
1394 403 1672 474 hostibus,
1693 403 2079 480 imperatores

296 499 562 557 emnium
612 500 895 575 gentium,
943 500 1087 558 satis
1128 501 1430 558 habebetis
1483 500 1740 558 animam
1783 502 2072 559 retinere:

295 613 434 653 nam
472 598 817 654 servitutem
854 596 1091 673 quidem
1130 597 1263 672 quis
1302 601 1563 653 vestrum
1594 615 1856 654 recusare
1900 597 2075 654 aude-

294 691 438 753 bat-,2
520 695 726 770 Atque
752 714 875 771 ege,
900 695 1139 753 tametsi
1169 695 1298 751 viro
1329 693 1840 770 flagitiosissimum
1866 693 2070 751 existi-

295 807 394 846 mo
435 788 677 865 impune
714 789 996 864 injuriam
1034 789 1333 865 accepisse,
1363 794 1563 846 tamen
1597 808 1701 847 ves
1735 789 2071 847 hominibus

292 884 747 943 sceleratissimis
798 885 1108 961 ignoscere,
1166 884 1446 960 quoniam
1496 885 1652 942 cives
1704 889 1861 954 sunt,
1901 904 2069 960 aequo

292 979 489 1036 animo
526 986 772 1055 paterer,
813 981 930 1038 nisi
968 981 1360 1038 misericordia
1398 982 1463 1038 in
1509 981 1822 1056 perniciem
1866 1000 2071 1039 casura

292 1080 456 1133 esset.
541 1074 604 1130 N
606 1094 701 1131 am
742 1081 802 1133 et
836 1075 971 1147 illis,
1000 1082 1290 1151 quantum
1325 1076 1790 1151 importunitatis
1827 1075 2066 1146 habent,

291 1188 499 1246 parum
538 1177 643 1242 est,
685 1172 925 1246 impune
963 1171 1115 1228 male
1155 1171 1370 1244 fecisse,
1412 1171 1530 1229 nisi
1564 1172 1778 1229 deinde
1817 1172 2070 1229 faciendi

290 1263 529 1321 licentia
568 1266 851 1340 eripitur:
893 1272 955 1322 et
992 1265 1158 1323 vobis
1197 1271 1415 1323 aeterna
1445 1267 1776 1324 sollicitudo
1812 1286 2075 1325 remane-

291 1362 398 1431 bit,
440 1381 576 1419 cum
627 1362 985 1438 intelligetis,
1041 1368 1147 1419 aut
1199 1363 1573 1421 serviendum¹
1625 1382 1762 1435 esse,
1806 1369 1910 1421 aut
1960 1383 2072 1439 per

290 1474 499 1513 manns
548 1457 881 1515 libertatem
925 1458 1307 1517 retinendam.
1407 1459 1471 1516 N
1472 1478 1568 1516 am
1620 1459 1758 1516 fidei
1811 1460 2066 1537 quidem,

290 1557 396 1609 aut
435 1553 772 1622 concordiae,
810 1573 941 1630 quse
982 1556 1156 1629 spes?
1213 1554 1502 1612 dominari
1554 1554 1645 1612 illi
1696 1554 1921 1626 volunt,
1960 1572 2070 1611 vos

289 1646 459 1705 liberi
485 1667 645 1721 esse;
686 1649 873 1706 facere
902 1648 991 1705 illi
1027 1648 1288 1724 injurias,
1318 1668 1424 1706 vos
1463 1649 1809 1725 prohibere:
1850 1654 2072 1724 postre-

288 1760 387 1800 mo
423 1745 593 1803 sociis
631 1746 840 1803 vestris
878 1746 1066 1804 veluti
1103 1746 1384 1816 hostibus,
1428 1747 1692 1805 hostibus
1729 1767 1837 1823 pro
1876 1749 2066 1820 sociis,

288 1843 558 1896 utuntur.
642 1840 919 1898 Potestne
948 1841 1014 1896 in
1047 1845 1174 1898 tam
1211 1840 1455 1898 diversis
1480 1841 1774 1909 mentibus
1799 1861 1931 1917 paz,
1956 1850 2071 1899 aut

287 1937 547 1994 amicitia
591 1939 753 1995 esse?
836 1937 1031 2006 Quare
1070 1956 1278 1996 moneo
1331 1939 1665 2014 hortorque,
1710 1956 1787 1995 ne
1829 1944 2073 1995 tantum

287 2034 471 2091 scelus
520 2034 879 2110 impunitum
931 2034 1232 2090 omittatis.
1326 2033 1468 2090 Non
1520 2033 1822 2109 peculatus
1874 2032 2071 2090 aerarii

285 2129 475 2186 factus
503 2137 606 2202 est,
636 2148 825 2205 neque
851 2147 955 2205 per
978 2130 1101 2186 vim
1136 2130 1306 2186 sociis
1333 2136 1546 2205 ereptae
1581 2131 1873 2206 pecuniae:
1912 2149 2065 2206 quae,

285 2246 640 2302 quamquam
664 2228 877 2301 gravia,
905 2232 1103 2285 tamen
1138 2228 1554 2286 consuetudine
1570 2229 1697 2303 jam
1732 2247 1839 2303 pro
1878 2226 2069 2284 nihilo

285 2322 595 2381 habentur.
649 2321 858 2379 'Hosti
903 2324 1181 2382 acerrimo
1220 2324 1454 2399 prodita
1495 2323 1684 2380 sensti
1727 2322 2065 2390 auctoritas,

285 2417 582 2492 proditum
605 2418 919 2492 imperium
945 2423 1240 2478 vestrum:
1285 2418 1443 2475 domi
1462 2417 1805 2494 militiaeque
1828 2418 2070 2492 respub-

284 2513 404 2570 lica.-
435 2514 657 2570 venalis
696 2514 830 2576 fuit.
914 2513 1058 2582 Quae
1095 2514 1210 2572 nisi
1251 2516 1498 2590 quaesita
1539 2521 1730 2585 erunt,
1774 2513 1842 2570 ni
1878 2513 2072 2570 vindi-

283 2617 481 2668 catum
515 2610 584 2666 in
619 2611 846 2683 noxios,
883 2611 1032 2686 quid
1066 2610 1375 2686 reliquum,
1417 2610 1535 2667 nisi
1572 2616 1644 2668 ut
1681 2610 1819 2682 illis,
1852 2610 1958 2685 qui
1997 2628 2072 2667 ea

284 2708 482 2779 fecere,
525 2709 857 2766 obedientes
910 2708 1218 2770 vivamusv
1273 2728 1412 2765 nam
1465 2710 1706 2785 impune
1751 2726 1880 2784 quae
1918 2708 2072 2766 libet

282 2806 483 2875 facere,
524 2806 588 2861 id
629 2811 717 2862 est
755 2823 952 2880 regem
991 2822 1127 2862 esse.
1225 2804 1438 2879 Neque
1479 2821 1585 2879 ego
1622 2821 1742 2875 vos,
1785 2802 2068 2874 Quirites,

281 2901 497 2971 hortor,
529 2906 602 2957 ut
624 2900 843 2957 malitis
883 2900 1039 2957 cives
1064 2904 1287 2956 vestros
1323 2917 1639 2974 perperam,
1669 2917 1847 2974 quam
1886 2905 2067 2970 recte,

281 2998 513 3070 fecisses,
555 2999 656 3055 sed
682 3015 772 3069 ne,
796 2997 1142 3072 ignoscendo
1169 2997 1353 3068 malis,
1375 2997 1555 3054 bonos
1580 2996 1874 3072 perditum
1900 2997 2068 3062 eatis.

281 3093 387 3150 Ad
437 3093 562 3163 hoc,
604 3094 668 3149 in
711 3093 1006 3168 republica
1056 3093 1245 3150 multo
1296 3098 1532 3168 praestat
1582 3092 1849 3149 beneficii
1886 3112 2072 3167 quam

280 3189 552 3246 maleficii
576 3189 971 3245 immemorem
998 3207 1158 3248 esse:
1186 3190 1373 3246 bonus
1397 3188 1804 3245 tantummodo
1833 3189 2073 3263 segnior

281 3282 369 3352 fit,
398 3282 505 3339 ubi
529 3282 786 3357 negligas
807 3302 826 3354 ;
868 3289 933 3340 at
958 3284 1145 3341 malus
1179 3283 1512 3359 improbior.
1602 3282 1707 3340 Ad
1741 3283 1868 3357 hoc,
1899 3284 1950 3342 si
1975 3285 2069 3342 in-

274 3378 446 3453 juriae
473 3397 592 3436 non
618 3379 754 3452 sint,
783 3378 941 3436 haud
960 3398 1115 3456 saepe
1141 3380 1353 3437 auxilii
1379 3377 1594 3455 egeas·”
