2292 3692
197 1422 232 1460 7

331 209 407 266 90
718 207 913 265 SALL
927 207 1156 266 USTII
1203 206 1369 265 JUG'
1383 208 1674 267 URTHA.

328 370 434 434 ret,
464 370 524 420 et
551 382 678 437 spes
706 381 955 438 opesque
994 363 1118 437 ejus
1159 381 1233 419 ex
1272 368 1437 438 patre
1476 382 1581 419 suo
1621 364 1960 438 penderent,
1993 384 2118 423 cre-

328 459 479 527 dere,
508 459 678 518 illum
707 459 853 515 nihil
882 459 1072 533 palam
1100 477 1395 529 ausurum,
1424 478 1557 515 cum
1598 459 1719 535 ipse
1755 460 1912 517 filius
1941 462 2114 519 testis

327 556 590 613 adesset:
633 574 811 630 quare
839 556 1191 640 optimum
1154 556 1375 611 factum
1401 556 1605 627 videri,
1631 576 1735 631 per
1761 558 1956 614 media
1983 558 2113 634 ejus

250 655 266 678 ⁸
327 658 516 708 castra
556 652 746 727 palam
788 647 1075 707 transm-e:
1118 671 1255 721 sese,
1298 651 1390 707 vel
1429 653 1739 726 praemissis
1764 653 1858 709 vel
1884 653 2113 712 ibidem

327 747 545 804 relictis
572 746 813 818 Mauris,
844 746 1031 803 solum
1064 766 1196 802 cum
1226 747 1389 803 Sulla
1413 749 1650 806 iturum.
1657 748 1687 770 ”
1770 748 1859 805 Ea
1893 769 2011 820 res,
2041 757 2113 807 ut

325 844 391 899 in
425 843 535 899 tali
574 843 820 916 negoti0‚
865 842 1119 918 probata,
1179 861 1244 897 ac
1286 844 1485 898 statim
1528 843 1806 916 profecti:
1850 845 1994 920 quia
2038 844 2111 901 de

326 937 1009 1012 improvisoacciderant,
1043 938 1221 993 dubio
1247 944 1424 1013 atque
1451 937 1757 995 haesitante
1777 938 1820 996 J
1823 940 2105 1014 ugurtha,

325 1031 643 1088 incolumes
681 1039 1002 1090 transeunt.
1088 1033 1318 1089 Deinde
1368 1034 1565 1109 paucis
1596 1034 1813 1106 diebus,
1857 1055 1978 1113 quo
2022 1038 2110 1093 ire

91 1189 144 1246 '12
185 1120 308 1222 ΑΙ
326 1127 715 1207 intenderant,
756 1137 1119 1204 peruentum.

446 1223 683 1283 CVIII.
770 1224 867 1280 Ibi
896 1243 1024 1280 cum
1064 1224 1293 1280 Boccho
1333 1223 1597 1280 Numida
1623 1225 1874 1302 quidam,
1906 1227 2110 1303 Aspar

327 1321 577 1390 nomine,
608 1321 861 1376 multum
890 1326 948 1376 et
988 1320 1357 1376 familiariter
1382 1322 1618 1396 agebat:
1660 1323 1990 1396 praemissus
2033 1326 2107 1381 ab

325 1418 368 1475 J
375 1418 641 1492 ugurtha,
672 1423 981 1492 postquam
1012 1415 1239 1472 Sullam
1222 1418 1529 1492 ..EQQEI-nl
1568 1420 1851 1490 audierat,
1887 1431 2103 1492 orator,

227 1533 284 1596 ν).
326 1519 385 1571 et
411 1513 649 1569 subdole
676 1512 1035 1588 speculapgm
1056 1512 1268 1569 Bocchi
1286 1514 1553 1571 consilia:
1583 1521 1860 1590 praeterea
1876 1515 2100 1587 Dabar,
2158 1535 2166 1541 ·

328 1608 719 1683 Massugradae
760 1608 931 1679 filius,
974 1627 1052 1664 ex
1089 1614 1264 1683 gente
1303 1608 1643 1681 Masinissae,
1683 1619 1942 1669 ceterum
1983 1633 2106 1670 ma-

326 1712 493 1763 terno
534 1724 740 1780 genere
779 1705 971 1779 impar
993 1725 1011 1776 3
1067 1712 1237 1779 pater
1277 1705 1401 1779 ejus
1441 1725 1518 1762 ex
1571 1708 1891 1764 concubina.
1939 1718 2105 1767 ortus

324 1808 450 1857 emt
472 1819 489 1871 ;
542 1800 754 1857 Mauro
774 1800 849 1856 ob
876 1800 1098 1873 ingenii
1124 1800 1312 1856 mult-a
1340 1802 1490 1858 bona
1511 1821 1677 1859 carus
1696 1811 2100 1882 acceptusque,

324 1917 497 1974 quem
528 1897 805 1969 Bocchus,
835 1896 1014 1952 fidum
1046 1915 1166 1952 esse
1195 1895 1476 1953 Romanis
1504 1898 1707 1955 mullis
1746 1907 1921 1957 antea
1954 1910 2102 1959 tem-

326 1995 644 2071 pestatibus
671 1999 961 2068 expertuS,
985 1993 1142 2049 illico
1165 1993 1237 2049 ad
1269 1993 1489 2050 Sullam
1519 1997 1861 2054 nunciatum
1888 2000 2099 2073 mittit,

327 2099 359 2124 ‘⁴
380 2098 650 2167 paratum
676 2108 797 2146 sese
822 2089 1025 2156 facere,
1067 2108 1197 2164 quae
1237 2089 1490 2164 populus
1534 2092 1835 2149 Romanus
1887 2094 2097 2152 vellet:

325 2186 609 2261 colloquio
631 2186 802 2256 diem,
832 2184 1041 2254 locum,
1062 2191 1308 2258 tempus,
1340 2185 1462 2259 ipse
1488 2187 1765 2261 deligeret
1788 2210 1800 2245 ε
1836 2192 2100 2248 consulta

325 2301 445 2339 sese
487 2281 682 2337 omnia
722 2299 854 2335 cum
894 2280 995 2335 illo
1035 2280 1264 2353 integra
1302 2280 1515 2337 habere
1545 2302 1556 2339 :
1614 2302 1727 2339 neu
1781 2283 1826 2340 J
1828 2284 2096 2359 ugurthae

325 2379 577 2453 legatum
636 2376 1064 2450 pertimesceret
1130 2394 1248 2450 quo
1300 2395 1391 2432 res
1446 2380 1767 2435 communis
1825 2380 2097 2440 licentius

324 2477 659 2547 gereretur3
711 2490 848 2526 nam
888 2471 961 2525 ab
1004 2470 1230 2527 insidiis
1283 2473 1405 2546 ejus
1459 2473 1627 2529 aliter
1670 2476 1861 2531 caveri
1901 2478 2098 2552 nequi-

324 2571 527 2627 visse.’'
609 2569 722 2625 Sed
769 2587 874 2643 ego
913 2569 1248 2643 comperior,
1297 2568 1588 2625 Bocchum
1636 2571 1819 2645 magis
1874 2570 2097 2630 Punica

325 2665 452 2735 fide,
484 2683 659 2740 quam
700 2665 773 2720 ob
815 2683 882 2719 ea
916 2682 1042 2738 quae
1080 2664 1445 2738 praedicabat,
1490 2665 1663 2721 simul
1704 2665 2001 2725 Romanos
2039 2675 2096 2726 et

326 2762 649 2819 Numidam
676 2780 775 2835 spe
801 2761 958 2835 pacis
984 2760 1320 2827 adtinuisse,
1348 2761 1716 2835 multumque
1743 2780 1876 2817 cum
1905 2763 2095 2822 animo

326 2878 429 2915 suo
458 2857 690 2914 volvere
718 2855 972 2925 solitum,
1002 2854 1045 2911 J
1048 2854 1364 2929 ugurtham
1396 2854 1696 2925 Romanis,
1731 2874 1806 2910 an
1842 2856 1935 2913 illi
1978 2858 2097 2916 Sul-

324 2956 461 3020 lam,
507 2952 795 3008 traderet:
853 2950 1174 3006 lubidinem
1214 2949 1522 3006 adversum
1562 2968 1684 3020 nos,
1727 2956 1956 3008 metum
1994 2974 2095 3031 pro

326 3054 494 3110 nobis
539 3051 798 3109 suasisse.

448 3146 614 3206 CIX.
701 3145 897 3220 Igitur
950 3145 1114 3202 Sulla
1153 3147 1486 3222 respondit:
1531 3144 1768 3221 “pauca
1802 3165 1867 3205 se
1906 3167 2093 3205 coram

329 3244 554 3318 Aspare
572 3243 904 3299 locuturum
927 3263 944 3315 3
987 3249 1178 3299 cetera
1204 3243 1444 3312 occulte,
1467 3249 1572 3299 aut
1596 3243 1778 3314 nullo,
1796 3247 1903 3299 aut
1923 3264 2093 3319 quam

328 3340 683 3415 paucissimis
729 3340 1109 3415 praesentibus
1130 3341 1182 3412 ;'’
1216 3341 1391 3397 simul
1423 3341 1639 3411 edocefi,
1689 3360 1818 3416 quae
1861 3341 1976 3400 sibi
2015 3363 2092 3400 re-
