2292 3692
323 259 401 321 78
729 260 927 318 SALL
941 258 1175 319 USTJI
1222 258 1273 316 J
1281 258 1337 317 U
1338 258 1387 317 G
1398 258 1455 316 U
1451 257 1688 317 RTHA.

323 412 540 471 intenti
567 411 966 489 praeliantibus
984 411 1242 467 aderant.
1302 410 1943 486 Exploratis‘omnibus,
1969 429 2106 486 quae

324 515 463 568 mox
500 511 631 567 usui
662 511 785 567 fore
818 510 1080 581 ducebat,
1112 510 1312 566 eadem
1349 509 1687 584 regreditur,
1721 528 1841 565 non
1869 510 2101 582 timere,

325 608 418 663 uti
459 607 806 675 escenderat,
848 606 950 662 sed
996 611 1233 662 tentans
1280 606 1476 661 omnia
1514 611 1574 661 et
1614 605 2099 680 circumspiciens·

328 702 540 779 Itaque
568 702 824 759 Marium
851 721 1091 778 propere
1123 702 1266 772 adit,
1297 706 1427 757 acta
1459 701 1675 772 edocet,
1705 700 1995 773 hortatur,
2025 704 2104 759 ab

325 818 398 856 ea
432 804 613 875 parte,
653 818 771 874 qua.
803 800 925 874 ipse
953 798 1302 869 escenderat,
1341 797 1647 854 castellum·
1668 803 1889 856 tentet:
1932 800 2104 876 polli-

329 903 495 954 cetur
543 914 663 952 sese
707 894 936 951 itineris
982 894 1338 971 periculique
1385 895 1602 955 ducem.
1687 895 1916 952 Marius
1966 915 2103 953 cum

330 993 561 1069 Ligure,
591 993 868 1068 promissa
887 992 1015 1072 gius
1043 993 1355 1067 cognitum,
1387 1012 1461 1049 ex
1488 993 1866 1068 praesentibus
1900 994 2098 1050 misit:

330 1108 578 1165 quorum
609 1091 701 1146 uti
733 1090 1008 1165 cujusque
1043 1081 1343 1164 ingenium
1376 1096 1517 1160 erat,
1546 1090 1631 1144 ita
1657 1108 1779 1145 rem
1806 1090 2102 1146 difficilem

329 1192 436 1241 aut
461 1185 686 1242 facilem
713 1184 1074 1242 nunciavere.
1162 1184 1429 1241 Consulis
1460 1185 1686 1240 animus
1712 1189 1910 1241 tamen
1935 1186 2102 1261 paul-

330 1280 456 1336 lum
502 1287 775 1337 arrectus.
860 1279 1070 1354 Itaque
1118 1298 1194 1336 ex
1239 1280 1405 1354 copia
1449 1280 1769 1336 tubicinum
1812 1286 1872 1336 et
1915 1281 2102 1336 corni-

332 1377 544 1446 einum,
575 1393 816 1431 numero
847 1374 1121 1449 quinque,
1155 1393 1325 1449 quam
1356 1374 1739 1431 velocissimos
1776 1374 2009 1450 delegit,
2041 1383 2101 1432 et

333 1491 467 1528 cum
492 1471 600 1541 his,
625 1470 891 1546 praesidio
918 1471 1020 1545 qui
1047 1471 1253 1541 forent,
1277 1476 1529 1546 quatuor
1556 1470 1948 1527 centuriones:
1979 1490 2100 1527 om-

332 1585 550 1641 nesque
589 1565 793 1641 Liguri
832 1583 1031 1640 parere
1064 1566 1251 1641 jubet,
1298 1573 1359 1622 et
1396 1567 1452 1623 ei
1491 1566 1725 1641 negotio
1762 1566 2099 1642 proximum

333 1662 488 1718 diem
512 1662 828 1718 constituit.

452 1757 685 1815 XCIV.
786 1756 913 1827 Sed,
970 1757 1073 1814 ubi
1128 1777 1204 1815 ex
1256 1762 1537 1833 praecepto
1598 1762 1831 1832 tempus
1883 1757 2095 1829 visum,

334 1854 551 1931 paratis
577 1856 1018 1931 compositisque
1045 1855 1328 1927 omnibus,
1354 1855 1427 1911 ad
1453 1854 1644 1910 locum
1669 1853 1872 1929 pergit.
1935 1852 2100 1910 Oete-

333 1972 466 2010 rum
505 1953 610 2023 illi,
641 1952 745 2028 qui
781 1951 1072 2008 ascensuri
1108 1958 1295 2021 erant,
1325 1950 1600 2025 praedocti
1635 1950 1708 2004 ab
1745 1949 1906 2018 duce,
1936 1968 2100 2005 arma

335 2057 719 2125 ornatumque
759 2054 1151 2118 mutaverunt,
1190 2048 1379 2123 capite
1413 2052 1588 2122 atque
1623 2045 1864 2122 pedibus
1904 2046 2095 2115 nudiS,

334 2147 427 2203 uti
465 2153 797 2221 prospectus
833 2145 1107 2221 nisusque
1142 2164 1246 2219 per
1277 2164 1415 2199 saxa
1446 2144 1670 2199 facilius
1703 2143 1884 2199 foret:
1927 2162 2099 2218 super

335 2249 500 2319 terga
537 2243 716 2318 gladii
754 2249 815 2299 et
854 2250 1041 2302 scuta:
1089 2261 1293 2299 verum
1335 2260 1402 2299 ea
1441 2240 1758 2297 Numidica
1797 2259 1870 2297 ex
1912 2239 2093 2309 coriis,

334 2339 606 2414 ponderis
646 2339 834 2414 gratia
875 2338 1065 2409 simul,
1114 2344 1178 2395 et
1228 2337 1444 2394 offensa
1489 2356 1604 2411 quo
1648 2335 1835 2392 levius
1887 2341 2096 2410 strepe-

336 2439 485 2496 rent.
569 2432 765 2508 Igitur
789 2434 1172 2509 praegrediens
1198 2433 1378 2508 Ligus
1405 2451 1562 2502 saxa,
1593 2438 1653 2489 et
1678 2432 1730 2488 si
1754 2450 1883 2508 quae
1912 2440 2098 2488 vetus-
2146 2489 2157 2498 ,

338 2534 459 2586 tate
489 2529 710 2586 radices
745 2530 1094 2601 eminebant,
1124 2530 1345 2604 laqueis
1371 2529 1677 2598 vinciebat,
1707 2528 1918 2604 quibus
1953 2529 2099 2585 adle-

335 2625 460 2683 vati
494 2626 717 2683 facilius
753 2627 1152 2684 escenderent:
1194 2626 1490 2682 interdum
1526 2625 1760 2681 timidos
1790 2625 2098 2682 insolentia

334 2722 564 2779 itineris
602 2722 793 2779 levare
833 2741 1050 2793 manu3
1104 2722 1208 2779 ubi
1248 2721 1445 2798 paullo
1484 2721 1738 2796 asperior
1775 2720 2094 2792 adscensuS‚

335 2819 591 2896 singulos
636 2839 755 2895 prae
801 2839 861 2876 se
902 2821 1151 2877 inermes
1203 2820 1476 2891 mittere3
1529 2818 1740 2875 deinde
1791 2818 1919 2895 ipse
1968 2839 2096 2877 cum

334 2916 571 2973 illorum
606 2918 780 2973 armis
820 2916 983 2992 sequi
994 2936 1012 2988 3
1056 2935 1189 2992 quae
1226 2916 1405 2973 dubia
1440 2915 1572 2971 nisu
1609 2914 1974 2988 videbantur,
2003 2935 2097 2992 po-

335 3012 591 3069 tissimus
621 3017 864 3081 tentare,
894 3030 976 3082 ac,
1007 3013 1217 3088 saepius
1253 3012 1451 3068 eadem
1486 3010 1839 3066 adscendens
1874 3010 2096 3068 deseen-

336 3108 606 3184 densque,
666 3107 802 3164 dein
864 3109 1063 3165 statim
1126 3108 1467 3183 digrediens,
1530 3107 1735 3163 ceteris
1800 3106 2095 3164 audaciam

335 3203 561 3261 addere.
645 3203 855 3278 Igitur,
899 3204 1003 3260 diu
1056 3204 1424 3280 multumque
1469 3203 1716 3279 fatigati,
1758 3203 1998 3260 tandem
2035 3203 2093 3258 in

337 3296 638 3353 castellum
689 3298 1053 3373 perveniunt,
1104 3298 1393 3356 desertum
1447 3298 1522 3355 ab
1575 3318 1642 3356 ea
1692 3303 1896 3374 part03
1948 3296 2099 3373 quod

340 3410 551 3465 omnes,
600 3395 773 3451 sicuti
818 3395 947 3452 aliis
990 3396 1211 3464 diebus,
1255 3396 1561 3454 adversum
1608 3397 1800 3453 hostes
1841 3394 2088 3452 aderant.
