2292 3692
622 207 1064 267 SALLUSTH
1109 207 1163 266 J
1170 207 1228 267 U
1226 206 1278 266 G
1288 207 1580 270 URTHA.
1952 212 1989 269 5

210 363 442 433 Quibus
480 363 655 428 rebus
695 362 948 440 Micipsa
975 365 1212 422 tametsi
1244 365 1420 423 initio
1457 365 1628 423 laetus
1653 366 1861 438 fuerat,
1892 384 1991 423 ex-

205 461 475 518 istimans
515 460 801 519 virtutem
846 462 892 519 J
891 462 1164 538 ugurthae
1206 481 1386 538 regno
1429 482 1534 521 suo
1576 462 1778 540 gloriae
1822 462 1987 534 fore;

204 554 422 628 tamen,
459 564 771 634 postquam
814 558 1112 616 hominem
1153 559 1597 632 adolescentem,
1640 564 1847 617 exacta
1885 578 1991 616 sua

204 655 380 709 aetate
404 658 467 710 et
491 654 689 729 parvis
728 653 945 726 liberis,
987 654 1173 731 magis
1211 656 1511 733 magisque
1538 673 1793 713 creseere
1817 653 1989 712 intel·

203 745 356 823 ligit,
383 748 760 806 vehementer
784 751 1018 826 negotio
1043 758 1358 827 permotus,
1387 751 1579 809 multa
1616 771 1752 810 cum
1789 751 1988 809 animo

203 863 313 902 suo
336 845 624 906 volvebat
709 846 990 905 Terrebat
1027 854 1245 907 natura
1281 849 1637 921 mortalium,
1674 848 1847 907 avida
1884 849 1990 905 im-

201 943 372 1017 perii,
400 950 463 1001 et
488 958 743 1019 praeceps
768 943 845 1001 ad
871 944 1223 1022 explendam
1245 945 1431 1003 animi
1456 946 1821 1023 cupidinem:
1848 964 1989 1021 prae-

202 1042 368 1094 terea
406 1040 812 1113 opportunitas
853 1057 1087 1116 suaeque
1132 1046 1196 1098 et
1236 1041 1554 1099 liberorum
1603 1041 1812 1108 aetatis,
1855 1061 1987 1117 quae

204 1133 386 1191 etiam
422 1132 737 1190 mediocres
761 1134 916 1191 viros
942 1153 1045 1211 spe
1069 1135 1277 1211 praedae
1317 1143 1676 1194 transversos
1709 1136 1869 1211 agit:
1910 1136 1987 1193 ad

202 1229 332 1300 hoc,
381 1228 578 1286 studia
619 1228 1011 1287 Numidarum
1058 1231 1126 1287 in
1169 1231 1215 1289 J
1215 1231 1531 1307 ugus-tham
1572 1250 1810 1289 aceensa
1833 1251 1853 1304 5
1908 1250 1985 1289 ex

201 1325 433 1401 quibus,
464 1323 515 1380 si
540 1322 720 1380 talem
746 1325 941 1381 virum
967 1324 1117 1383 dolis
1156 1326 1558 1399 interfecisset,
1589 1345 1664 1384 ne
1691 1345 1815 1403 qua
1838 1325 1984 1384 sedi-

201 1422 310 1492 tio,
338 1426 445 1478 aut
469 1419 690 1477 bellum
718 1420 987 1491 oriretur,
1017 1420 1233 1479 anxius
1259 1427 1401 1481 erat.

324 1515 484 1574 VII.
566 1515 685 1573 His
711 1516 1155 1576 difficultatibus
1201 1520 1647 1590 circumventus,
1678 1518 1784 1575 ubi
1817 1517 1989 1575 videt.

201 1631 395 1690 neque
420 1631 527 1689 per
549 1612 690 1681 vim,
717 1632 908 1689 neque
934 1614 1181 1687 insidiis,
1213 1614 1464 1691 opprimi
1489 1633 1655 1691 posse
1681 1614 1980 1673 hominem

201 1713 330 1765 tam
353 1712 656 1783 acceptum
680 1708 1057 1785 popularibus
1068 1730 1088 1783 3
1129 1710 1286 1786 quod
1313 1715 1440 1767 erat
1464 1710 1510 1767 J
1511 1710 1765 1785 ugurtha
1801 1729 1982 1767 manu

201 1809 510 1879 promptus
536 1808 598 1859 et
622 1803 900 1879 adpetens
937 1804 1132 1881 gloriae
1161 1805 1451 1877 militaris,
1481 1805 1695 1861 statuit
1720 1824 1855 1861 eum
1881 1806 1982 1862 ob-

189 1898 418 1973 jectare
443 1900 731 1975 perieulis,
756 1906 819 1958 et
839 1920 907 1958 eo
933 1902 1103 1959 modo
1131 1902 1430 1958 fortunam
1457 1906 1702 1959 tentare.
1763 1899 1974 1975 Igitur,

200 1997 357 2056 bello
392 1995 778 2068 Numantino,
807 1996 1074 2072 Micipsa,
1114 2016 1248 2054 cum
1285 1994 1499 2072 populo
1526 1994 1804 2065 Romano⁴
1821 1993 1980 2071 equi-

199 2097 335 2151 tum
372 2098 550 2169 atque
588 2093 853 2168 peditum
890 2092 1115 2149 auxilia
1153 2091 1433 2161 mitteret,
1477 2108 1730 2165 speram,
1758 2090 1855 2147 vel
1893 2109 1980 2147 os·

199 2188 485 2245 tentando
530 2187 829 2256 virtutem,
877 2185 972 2244 vel
1018 2186 1277 2244 hostium
1329 2185 1568 2255 saevitia,
1626 2185 1794 2242 facile
1841 2205 1978 2243 eum

197 2300 553 2352 occasurum,
581 2282 838 2356 praefecit
865 2280 1144 2338 Numidis
1172 2300 1319 2356 quos
1348 2280 1415 2336 in
1450 2280 1807 2356 Hispaniam
1841 2280 1976 2336 mit-

199 2380 384 2438 tebat.
468 2377 583 2435 Sed
615 2396 685 2435 ea
721 2396 813 2435 res
844 2377 1016 2451 longe
1051 2377 1241 2446 aliter,
1276 2396 1345 2433 ac
1381 2383 1545 2434 ratus
1582 2383 1727 2449 erat,
1757 2378 1971 2437 evenit.

202 2474 366 2533 Nam
400 2475 446 2532 J
445 2474 715 2551 ugurtha,
759 2480 830 2532 ut
871 2480 999 2531 erat
1041 2473 1293 2549 impigro
1339 2478 1516 2548 atque
1563 2473 1685 2529 acri
1719 2472 1972 2546 ingeni0‚

201 2570 311 2627 ubi
332 2575 604 2628 naturam
633 2569 697 2628 P.
730 2569 1031 2646 Scipioni&
1061 2569 1166 2646 qui
1189 2575 1322 2626 tum
1348 2567 1633 2625 Romanis
1660 2568 1977 2644 imperator

201 2670 345 2737 erat,
386 2673 448 2723 et
485 2684 704 2722 morem
742 2666 1002 2722 hostium
1040 2664 1328 2741 cognovit,
1358 2664 1548 2721 multo
1587 2664 1802 2734 labore,
1831 2664 1976 2721 mul-

132 2757 143 2771 '
200 2767 383 2839 taque
420 2780 575 2833 cura,
619 2766 899 2837 praeterea
935 2759 1357 2817 modestissime
1411 2759 1683 2835 parend0,
1727 2765 1789 2816 et
1827 2776 1976 2832 saepe
2048 2757 2053 2770 ¹

197 2839 431 2915 obviam
469 2856 659 2914 eundo
693 2856 979 2932 periculis,
1015 2856 1081 2913 in
1118 2861 1348 2912 tantam
1375 2855 1782 2913 claritudinem
1809 2854 1975 2910 brevi

196 2959 563 3030 pervenerat,
604 2956 676 3008 ut
714 2952 927 3008 nostris
957 2950 1333 3009 vehementer
1372 2968 1555 3021 carus,
1586 2948 1974 3005 Numantinis

196 3049 456 3107 maximo
484 3047 695 3105 terrori
727 3052 889 3104 esset.
974 3046 1069 3104 Ac
1095 3065 1250 3117 sane,
1280 3045 1438 3121 quod
1473 3044 1880 3102 difficillimum
1906 3044 1973 3101 in

198 3144 402 3222 primis
434 3150 538 3214 est,
569 3149 631 3200 et
656 3141 856 3219 praelio
892 3147 1163 3199 strenuus
1198 3146 1340 3211 erat,
1383 3144 1444 3197 et
1481 3139 1667 3195 bonus
1693 3136 1970 3209 consilio;

155 3300 160 3304 ,
196 3258 443 3317 quorum
488 3238 739 3295 alterum
776 3257 852 3294 ex
889 3234 1257 3313 providentia
1290 3235 1576 3302 timorem,
1617 3232 1866 3289 alterum
1895 3250 1971 3289 ex

196 3337 438 3394 audacia
464 3336 875 3407 temeritatem,
904 3334 1129 3391 adferre
1156 3331 1499 3407 plerumque
1527 3327 1687 3385 solet.
1773 3324 1971 3399 Igitur
