2292 3692
620 243 825 312 SALL
841 251 1074 310 USTH
1119 251 1589 313 JUGURTHA.
1912 257 1987 314 27

208 404 456 461 immani
495 406 759 475 avaritia,
794 406 1206 477 nocentissimi,
1246 408 1514 483 idemque
1546 409 1977 484 superbissimi3

208 503 375 578 queis
413 502 572 575 fides,
615 504 804 575 decus,
836 506 1038 580 pietas,
1069 510 1359 579 postremo
1398 505 1643 568 honesta
1681 510 1856 581 atque
1895 506 1981 562 in-

204 598 454 654 honesta
492 600 687 656 omnia
726 600 973 674 quaestui
1026 606 1180 657 sunt.
1266 600 1412 658 Pars
1466 620 1667 658 eorum
1710 602 1989 658 occidisse

204 696 474 753 tribunos
512 697 714 773 plebis,
749 698 852 754 alii
892 698 1238 775 quaestiones
1277 699 1538 774 injustas,
1579 699 1840 775 plerique
1878 719 1985 756 cae0

204 792 340 849 dem
364 794 430 849 in
452 812 558 851 vos
582 795 797 864 fecisse,
826 813 932 870 pro
960 795 1325 851 munimento
1350 796 1582 852 habent.
1659 795 1772 866 Ita,
1801 814 1978 870 quam

204 889 455 965 quisque
479 890 724 965 pessime
759 890 911 963 fecit,
942 896 1065 946 tam
1092 890 1346 947 maxime
1386 896 1554 947 tutus
1584 895 1674 947 est
1697 911 1711 948 t
1752 897 1975 948 metum

200 1003 240 1040 a
267 985 478 1042 scelere
507 1005 612 1042 suo
646 986 722 1043 ad
767 986 1060 1061 ignaviam
1098 992 1353 1042 vestram
1393 987 1746 1044 transtulere
1769 1007 1787 1059 3
1831 1006 1988 1062 quos

203 1097 409 1138 omnes
435 1082 633 1138 eadem
659 1100 883 1157 cupere,
913 1082 1113 1150 eadem
1140 1082 1343 1153 odisse,
1375 1083 1577 1139 eadem
1603 1087 1879 1155 metuere,
1908 1083 1974 1139 in
2011 1130 2016 1135 .

196 1196 387 1233 unum
414 1179 635 1251 co‘e'git:
680 1178 781 1234 sed
817 1178 939 1234 haec
976 1179 1133 1234 inter
1174 1179 1353 1234 bonos
1389 1178 1648 1235 amicitia
1682 1185 1785 1250 est,
1815 1179 1974 1236 inter

196 1273 384 1329 malos
410 1273 597 1330 factio,
684 1273 854 1342 Quod
888 1275 938 1329 si
963 1279 1087 1329 tam
1116 1292 1219 1330 vos
1256 1273 1542 1329 libertatis
1579 1292 1776 1329 curam
1803 1272 1974 1330 habe-

194 1370 354 1440 retiS,
399 1388 574 1445 quam
614 1370 704 1426 illi
739 1370 814 1425 ad
853 1368 1308 1426 dominationem
1349 1370 1574 1427 accensi
1613 1376 1752 1426 sunt
1772 1389 1795 1441 ς
1845 1388 1977 1445 pro-v

194 1464 349 1520 fecto
391 1484 579 1542 neque
632 1483 724 1522 res·
775 1465 1024 1540 publica,
1067 1466 1241 1522 sicuti
1293 1485 1467 1537 nunc,
1508 1472 1853 1537 vastaretur,
1910 1472 1975 1522 et

192 1560 475 1617 beneficia
511 1567 705 1618 vestra
743 1579 919 1637 penes
961 1562 1232 1637 optimOS,
1278 1582 1397 1618 non
1439 1563 1859 1633 audacissimos,
1889 1562 1973 1618 fo-

192 1663 345 1713 rent.
431 1656 685 1732 Majores
720 1658 917 1729 vestri,
948 1658 1191 1733 parandi
1211 1658 1364 1731 juris
1396 1662 1459 1713 et
1489 1658 1810 1732 majestatis
1843 1675 1975 1713 con-⁶

192 1752 506 1810 stituendae
559 1754 761 1829 gratia,
807 1755 896 1810 bis
944 1773 1049 1829 per
1097 1755 1469 1810 secessionem
1517 1754 1726 1810 armati
1775 1753 1977 1810 Avem

191 1850 393 1905 tinum
434 1869 817 1926 occu-pavere:
872 1869 976 1907 vos
1028 1869 1135 1925 pro
1175 1850 1464 1921 libertate,
1507 1868 1684 1925 quam
1738 1850 1813 1905 ab
1852 1848 1973 1905 illis

192 1946 513 2021 accepistis,
548 1966 669 2002 non
709 1965 935 2002 summa
974 1963 1081 2021 ope
1120 1946 1437 2003 nitemini?
1479 1951 1655 2021 atque
1697 1964 1764 2001 eo
1803 1944 1975 2001 vehe-

192 2043 465 2116 mentius,
485 2043 640 2119 quod
666 2043 855 2118 majus
880 2043 1126 2099 dedecus
1155 2050 1260 2114 est,
1285 2048 1451 2118 parta
1480 2043 1762 2113 amittere,
1787 2059 1966 2116 quam

194 2140 438 2197 omnino
487 2158 608 2195 non
660 2139 993 2215 paravisse?
1077 2139 1252 2197 Dicet
1306 2139 1534 2215 aliquis,
1579 2139 1736 2207 Quid
1787 2138 1975 2213 igitur

193 2236 437 2293 censes?
515 2235 955 2292 Vindicandum
1018 2235 1081 2291 in
1136 2255 1247 2306 eos,
1305 2236 1408 2311 qui
1460 2236 1614 2292 hosti
1666 2234 1977 2311 prodidere*

193 2331 661 2407 rempublicam?
743 2332 885 2388 Non
923 2350 1118 2401 manU,
1149 2350 1337 2407 neque
1369 2332 1448 2403 vi,
1479 2332 1634 2407 quod
1671 2331 1854 2406 magis
1892 2330 1970 2386 fe-

193 2427 354 2497 cisse,
388 2446 562 2502 quam
603 2427 722 2484 illis
762 2428 1045 2498 accidisse,
1076 2427 1421 2502 indignum3
1461 2446 1664 2483 verum
1705 2427 1971 2502 quaestio*

193 2519 369 2580 nibus
396 2528 457 2579 et
480 2523 698 2579 indicio
721 2523 905 2598 ipsius
931 2521 976 2579 J
977 2522 1244 2597 ugurthae
1265 2544 1278 2580 t
1307 2523 1425 2599 qui,
1440 2524 1507 2580 si
1526 2522 1833 2580 dediticius
1859 2528 1967 2594 est,

193 2619 454 2697 profecto
471 2619 650 2695 jussis
677 2618 885 2675 vestris
912 2618 1187 2675 obediens
1226 2619 1374 2675 erit:
1414 2618 1506 2675 sin
1533 2637 1602 2675 ea
1627 2618 1964 2689 contemnit,

194 2716 415 2773 scilicet
452 2715 877 2786 existimabitis,
921 2713 1109 2790 qualis
1149 2714 1253 2771 illa
1291 2732 1426 2789 pax,
1466 2720 1571 2771 aut
1612 2714 1849 2787 deditio,
1893 2734 1967 2770 ex

195 2833 312 2890 qua
350 2812 426 2869 ad
463 2812 508 2870 J
510 2811 821 2887 ugurtham
848 2811 1126 2868 scelerum
1153 2810 1491 2885 impunitas,
1521 2811 1598 2867 ad
1634 2830 1847 2886 paucos
1872 2830 1969 2886 poa

193 2916 387 2969 tentes
413 2911 681 2967 maximae
718 2908 955 2979 divitiae,
986 2907 1051 2963 in
1086 2907 1503 2982 rempublicam
1541 2905 1754 2963 damna
1788 2912 1966 2981 atque

193 3007 489 3079 dedecora,
532 3006 921 3082 pervenerint.
1007 3003 1143 3060 Nisi
1169 3003 1319 3059 forte
1353 3002 1613 3060 nondum
1647 3002 1823 3058 etiam
1864 3017 1966 3057 vos

194 3102 608 3161 dominationis
649 3120 846 3159 eorum
875 3099 1111 3156 satietas
1151 3103 1331 3168 tenet,
1362 3103 1423 3154 et
1462 3096 1580 3166 illa,
1625 3114 1801 3171 quam
1841 3094 1964 3153 haec

192 3201 475 3273 tempora,
516 3198 700 3274 magis
732 3197 978 3273 placent,
1010 3213 1144 3251 cum
1184 3212 1377 3270 regna,
1421 3190 1748 3266 provinciae,
1791 3189 1960 3265 leges,

194 3297 343 3372 jura,
378 3291 617 3370 judicia,
661 3292 830 3363 bella,
874 3296 1049 3366 atque
1088 3307 1275 3364 paces,
1319 3291 1608 3362 postremo
1650 3284 1850 3341 divina
1902 3291 1965 3342 et

195 3393 453 3450 humana
489 3387 700 3462 omnia,
741 3405 917 3465 penes
954 3404 1167 3463 paucos
1219 3388 1422 3456 erant;
1464 3399 1565 3438 vos
1605 3385 1817 3464 autem,
1853 3380 1963 3438 hoc
