2292 3692
373 241 460 300 -18
780 239 984 298 SALL
1001 237 1235 298 USTII
1279 235 1759 300 JUGURTJJA.

351 391 570 463 *lorum
596 410 805 466 magna
835 410 981 467 pars,
1012 396 1074 447 et
1100 389 1385 447 Numidia
1422 408 1606 466 usque
1646 390 1721 446 ad
1759 390 1978 447 flumen
2016 389 2158 448 Mu-

381 487 631 561 lucham,
674 488 782 544 sub
831 486 879 548 ,J
881 486 1136 562 ugurtha
1202 490 1371 543 erant
1395 507 1408 544 ε
1467 485 1692 544 Mauris
1731 487 2004 545 omnibus
2040 505 2155 544 rex

380 584 645 641 Bocchus
691 584 1076 660 imperitabat,
1132 589 1344 659 praeter
1395 601 1624 654 nomen,
1670 589 1863 640 cetera
1907 583 2152 658 ignarus

379 680 581 756 populi
633 679 886 737 Romani
905 700 925 754 3
979 681 1238 755 itemque
1288 680 1455 735 nobis
1507 697 1698 755 neque
1740 680 1911 752 benc,
1954 700 2150 756 neque

378 795 534 851 pace,
576 781 747 833 antea
788 776 1064 851 cognitus.
1149 775 1243 832 De
1288 775 1496 832 Africa
1537 782 1599 832 et
1645 776 1767 850 ejus
1815 776 2020 833 incolis
2072 777 2149 834 ad

377 871 854 928 necessitudinem
881 872 967 928 rei
992 870 1133 928 satis
1159 871 1395 928 dictum.

497 969 643 1028 XX.
728 968 1061 1045 Postquam,
1089 988 1266 1044 regno
1294 969 1492 1040 diviso,
1521 969 1701 1045 legati
1727 968 1933 1026 Africa
1958 969 2147 1028 deces-

379 1083 520 1137 sere,
550 1072 610 1121 et
635 1065 679 1122 J
681 1065 934 1141 ugurtha
959 1072 1162 1123 contra
1186 1067 1458 1122 timorem
1494 1067 1676 1123 animi
1711 1067 1950 1142 praemia
1976 1066 2151 1124 scele-

375 1161 459 1218 ris
485 1162 762 1238 adeptum
799 1182 920 1219 sese
953 1162 1115 1220 videt
1135 1184 1153 1235 ;
1191 1168 1411 1220 certum
1438 1167 1615 1234 ratus,
1645 1164 1801 1238 quod
1837 1183 1911 1220 ex
1942 1165 2144 1221 amicis

377 1258 535 1333 apud
560 1258 945 1315 Numantiam
962 1263 1271 1333 acceperat,
1296 1259 1489 1315 omnia
1516 1259 1718 1316 Romoe
1746 1259 1976 1316 venalia
2002 1279 2138 1332 esse,

376 1354 551 1410 simul
579 1360 638 1409 et
663 1353 891 1410 illorum
921 1355 1438 1430 pollicitationibus
1463 1374 1748 1426 accensus,
1772 1374 1917 1430 quos
1941 1356 2141 1430 paullo

376 1457 515 1506 ante
541 1450 875 1506 muneribus
900 1450 1249 1525 expleverat,
1280 1451 1344 1506 in
1369 1469 1613 1526 regnum
1637 1449 1991 1507 Adherbalis
2017 1452 2141 1507 ani-
2248 1491 2249 1500 η

376 1562 539 1600 mum
590 1545 862 1604 intendit.
945 1545 1080 1620 Ipse
1135 1564 1280 1616 acer,
1338 1546 1670 1603 bellicosus:
1723 1552 1786 1602 at
1837 1547 1906 1617 is,
1963 1565 2138 1622 quem

373 1639 623 1714 petebat,
654 1640 900 1715 quietus,
928 1639 1193 1711 imbellis,
1239 1641 1465 1716 placido
1496 1640 1748 1716 ingenie,
1773 1647 2136 1716 opportunus

374 1735 618 1810 injuriae,
658 1741 923 1794 metuens
952 1736 1153 1810 magis,
1178 1754 1353 1809 quam
1387 1735 1745 1793 metuendus.
1828 1735 2027 1810 Igitur
2061 1755 2137 1793 ex

374 1833 698 1909 improvise,
729 1833 871 1890 fines
897 1833 1021 1908 ejus
1047 1851 1182 1890 cum
1208 1851 1417 1908 magna
1442 1850 1620 1889 manu
1642 1831 1888 1902 invadit,
1917 1832 2136 1889 multos

373 1929 644 1985 mortales
684 1948 816 1986 cum
856 1947 1056 2003 pecore
1095 1934 1272 2003 atque
1312 1928 1428 1985 alia
1465 1927 1661 2003 praeda
1694 1928 1864 2002 capit,
1892 1928 2135 1986 aedificia
2245 1967 2247 1971 ι

372 2023 647 2094 incendit,
670 2022 942 2098 pleraque
967 2023 1093 2079 loca
1117 2022 1410 2080 hostiliter
1435 2041 1566 2079 cum
1588 2023 1855 2099 equitatu
1873 2024 2131 2098 accedit;
2244 2095 2245 2108 χ

374 2119 507 2176 dein
536 2137 667 2174 cum
694 2120 852 2175 omni
878 2119 1257 2178 multitudine
1284 2122 1347 2177 in
1374 2142 1616 2198 regnum
1634 2143 1805 2181 suum
1826 2126 2129 2197 convertit,
2240 2115 2245 2214 Ι

374 2215 714 2271 existimans
736 2214 929 2271 dolore
954 2223 1282 2290 permotum
1309 2218 1703 2276 Adherbalem
1731 2220 1976 2295 injurias
2001 2242 2133 2279 suas

372 2328 552 2365 manu
585 2310 1030 2382 vindicaturum,
1073 2332 1316 2388 eamque
1354 2333 1479 2370 rem
1519 2314 1658 2371 belli
1695 2335 1955 2373 caussam
1992 2317 2127 2382 fore.

371 2407 464 2463 At
507 2406 623 2477 ille,
665 2408 819 2482 quod
869 2427 1057 2483 neque
1103 2430 1166 2467 se
1205 2430 1403 2486 parem
1441 2413 1618 2469 armis
1657 2413 2046 2484 existimabat,
2072 2422 2132 2472 et
2240 2469 2241 2486 2

372 2501 629 2558 amicitia
666 2502 868 2578 populi
908 2503 1161 2563 Romani
1196 2508 1379 2582 magis
1410 2527 1587 2583 quam
1626 2509 1907 2568 Numidis
1949 2512 2130 2569 fretus
2240 2553 2241 2558 κ

372 2604 514 2667 erat,
541 2599 759 2675 legatos
785 2601 860 2657 ad
884 2601 928 2659 J
932 2604 1244 2678 ugurtham
1278 2605 1351 2661 de
1375 2606 1609 2681 injuriis
1634 2613 1906 2683 questum
1932 2609 2127 2665 misit:
2238 2613 2239 2618 ’

372 2697 476 2771 qui
501 2697 734 2754 tametsi
760 2700 1174 2757 contumeliosa
1198 2701 1356 2759 dicta
1380 2704 1720 2773 retulerant,
1747 2705 1909 2780 prius
1934 2711 2128 2762 tamen
2238 2717 2239 2722 ’

372 2791 565 2848 omnia
589 2792 717 2867 pati
741 2793 1014 2862 decrevit,
1041 2815 1217 2871 quam
1258 2797 1478 2854 bellum
1513 2818 1739 2856 sumere
1757 2818 1777 2872 3
1821 2800 1977 2875 quia,
2005 2805 2126 2858 ten·

359 2894 561 2957 ¹tatum
586 2894 774 2961 antea,
803 2909 966 2947 secus
999 2898 1262 2951 cesserat.
1348 2894 1558 2970 Neque
1595 2901 1794 2952 tamen
1833 2914 1903 2953 eo
1948 2896 2127 2972 magis

371 2985 579 3061 cupido
603 2985 648 3042 J
649 2986 915 3062 ugurthae
942 2989 1351 3048 minuebatur:
1393 2993 1606 3067 quippe
1644 2993 1747 3069 qui
1785 2998 1978 3049 totum
2007 2996 2126 3070 ejus

370 3100 612 3157 regnum
652 3083 846 3140 animo
877 3083 1003 3159 jam
1042 3085 1349 3143 invaserat.
1435 3087 1645 3165 Itaque
1676 3108 1814 3160 non,
1843 3095 1915 3147 ut
1940 3097 2121 3162 antea,

369 3197 501 3236 cum
527 3181 872 3254 praedatoria
895 3200 1090 3253 manu,
1118 3183 1221 3241 sed
1246 3203 1454 3260 magno
1484 3187 1743 3244 exercitu
1783 3194 2122 3264 comparate,

350 3271 588 3329 bellum
639 3293 835 3350 gerere
874 3278 1064 3353 coepit,
1106 3285 1168 3336 et
1207 3287 1403 3357 aperte
1454 3282 1637 3339 totius
1676 3282 1977 3341 Numidiae
2027 3283 2126 3340 im·
2230 3313 2234 3327 ·

369 3369 594 3440 perium
638 3378 849 3448 petere.
934 3373 1223 3448 Ceterum,
1263 3396 1379 3453 qua
1413 3379 1706 3456 pergebat,
1737 3371 1926 3456 urbes,
1962 3398 2125 3457 agros
