2292 3692
652 146 853 179 W}-

538 140 821 303 ’1972311113
833 142 1065 267 asra
1046 162 1207 292 [9⁷21
1201 132 1698 309 TJLJQ}
1881 212 1955 273 31

692 296 835 309 --ω-ηῌ,

186 363 352 422 dium
408 367 589 438 atque
644 361 912 418 laetitiam
958 359 1276 436 agitabant.
1362 361 1634 457 Namque
1665 365 1782 424 alia
1818 367 1958 426 belli

184 457 446 516 facinora
478 457 687 533 praedae
721 457 920 532 magis,
965 475 1142 531 quam
1185 439 1546 516 detrimento
1566 461 1726 534 fore3
1766 463 1962 521 iucen·
2045 442 2060 452 ‘

186 554 351 612 dium
375 572 518 611 vero
553 552 801 622 crudele,
840 552 1306 622 immoderatum,
1353 573 1422 612 ae
1455 556 1584 613 sibi
1593 560 1846 617 maxime
1872 580 1964 618 ca-
2008 604 2021 632 ,.

184 646 519 708 lamitsdsum
544 647 793 724 putabat
811 667 830 720 ;
859 647 1075 724 quippe
1095 648 1189 705 cui
1210 667 1410 707 omnes
1425 652 1600 728 copiae
1617 654 1682 709 in
1701 673 1812 712 usu
1829 675 1965 730 quo-

183 745 415 804 tidiano
434 749 496 801 et
510 742 675 805 cultu
694 742 945 818 corporis
962 748 1145 800 erant.
1217 743 1361 801 Post
1385 765 1519 803 eum
1536 747 1708 820 diem,
1726 750 1965 826 quidam

186 840 259 900 L.
299 840 653 918 Tarquinius
705 839 779 896 ad
835 844 1104 896 senatum
1159 839 1444 899 adductus
1482 848 1623 915 erat,
1673 863 1849 920 quem
1888 847 1964 904 ad

185 938 508 996 Catilinam
531 935 987 1014 proficiscentem
1015 953 1092 991 ex
1124 935 1339 994 itinere
1363 942 1683 995 retractum
1710 940 1960 1000 aiebant.

186 1034 254 1093 Is
280 1052 415 1093 cum
440 1053 503 1092 se
529 1033 746 1091 diceret
768 1031 1170 1090 indicaturum
1194 1032 1268 1090 de
1294 1033 1707 1109 conjuratione,
1745 1034 1799 1092 si
1820 1036 1964 1095 fides

184 1129 422 1207 publica
445 1129 584 1187 data
608 1134 757 1186 esset
766 1146 787 1200 3
815 1124 1016 1204 jussus
1031 1147 1068 1184 a
1086 1128 1337 1201 consule,
1358 1147 1489 1206 quae
1505 1130 1691 1202 sciret,
1721 1130 1959 1204 edicere,

188 1227 393 1286 eadem
430 1227 568 1299 fere,
609 1246 738 1303 quae
775 1226 1140 1298 Volturcius,
1186 1225 1259 1284 de
1297 1226 1517 1302 palatis
1555 1226 1856 1299 incendiis,
1890 1229 1963 1287 de

186 1324 343 1384 caede
381 1325 683 1396 bonorum,
720 1324 793 1381 de
831 1324 1044 1381 itinere
1080 1323 1356 1396 hostium,
1410 1329 1679 1381 senatum
1723 1323 1961 1384 edocet.

185 1425 545 1500 praeterea,‘
548 1426 642 1478 ‘se
676 1421 914 1479 missum
947 1440 985 1478 a
1020 1420 1106 1479 M.
1140 1419 1363 1488 Crass0,
1390 1419 1495 1498 qui
1517 1420 1789 1480 Catilinae
1815 1442 1961 1480 nuu-

184 1519 386 1589 cieret,
427 1535 504 1574 ne
537 1535 673 1574 eum
707 1516 1009 1588 Lentulus,
1050 1525 1111 1574 et
1149 1516 1457 1593 Cethegus,
1487 1517 1704 1595 aliique
1730 1536 1805 1575 ex
1831 1538 1964 1576 con-

180 1614 481 1692 juratione
507 1612 848 1689 deprehensi
866 1618 1156 1670 terrerent
1175 1631 1194 1685 ;
1234 1629 1414 1688 eoque
1431 1614 1615 1688 magis
1630 1622 1963 1690 properaret

188 1709 265 1767 ad
289 1708 498 1766 urbem
523 1700 807 1780 accedere,
836 1727 952 1784 quo
979 1713 1039 1764 et
1074 1713 1398 1764 ceterorum
1432 1708 1658 1764 animos
1684 1709 1958 1781 reficeret,

188 1809 253 1861 et
290 1802 383 1861 illi
417 1803 644 1861 facilius
681 1823 713 1860 e
749 1802 1008 1880 periculo
1046 1803 1462 1879 eriperentur.'’
1543 1802 1660 1860 Sed
1690 1806 1795 1861 ubi
1825 1805 1962 1861 Tar-

189 1901 430 1977 quinius
470 1899 742 1957 Crassum
781 1899 1126 1971 nominavit,
1156 1898 1453 1955 hominem
1479 1899 1748 1971 nobilem,
1779 1901 1963 1956 maxi-

189 1996 306 2054 mis
346 1995 588 2069 divitiis,
637 2014 864 2052 summa
899 1996 1199 2071 potentia3
1242 1994 1358 2071 alii,
1401 2013 1527 2051 rem
1564 1995 1990 2055 incredibilem.

191 2091 347 2166 rati3
386 2110 539 2185 pars,
566 2098 766 2149 tamen
792 2091 902 2154 etsi
915 2084 1119 2148 ve‘rum
1140 2084 1572 2173 existimabant,
1594 2097 1806 2164 tamen,
1826 2093 1965 2170 quia
1993 2086 1997 2093 ’

191 2189 259 2246 111
282 2181 393 2247 tali
418 2195 679 2265 tempore
695 2194 875 2246 'tanta
899 2190 990 2246 vis
1015 2189 1269 2246 hominis
1303 2187 1588 2266 leggenda,
1631 2198 1807 2264 quam
1834 2208 1964 2245 exa-

193 2283 436 2362 gitanda
459 2284 808 2342 videbatur·
789 2329 809 2359 ,
849 2284 1113 2362 plerique
1132 2284 1335 2341 Crasso
1352 2302 1427 2341 ex
1446 2283 1693 2359 negotiis
1718 2285 1963 2359 privatis

190 2379 452 2451 obnoxii,
495 2372 872 2452 conclamant,
920 2384 955 2413 ‘⁴
940 2357 1525 2450 ‘indicesfalsm'’
1561 2378 1753 2455 deque
1796 2398 1863 2436 ea
1899 2396 1963 2437 re

194 2470 497 2552 postuldfnt
534 2475 629 2532 uti
667 2464 971 2534 referatur.
1051 2475 1278 2552 Itaque,
1308 2473 1642 2532 consulente
1670 2472 1961 2548 Cicerone,

192 2569 470 2645 frequens
495 2576 735 2628 senatus
751 2570 1039 2629 decernit:
1079 2569 1432 2646 “Tarquinii
1455 2568 1737 2628 indicium
1756 2571 1965 2630 falsum

195 2665 387 2724 videri
406 2687 426 2741 3
465 2687 713 2744 eumque
732 2669 794 2726 in
811 2669 1061 2727 vinculis
1086 2667 1475 2738 retinendum,
1501 2685 1692 2744 neque
1717 2669 1966 2744 amplius

197 2770 549 2839 potestatem
573 2768 914 2840 faciendam,
947 2766 1065 2824 11131
1098 2766 1174 2824 (13
1209 2784 1277 2823 eo
1302 2765 1362 2822 in
1370 2764 1601 2837 dicaret,
1646 2766 1810 2841 cujus
1836 2784 1967 2824 con-

195 2861 328 2919 silio
357 2867 588 2921 tantam
625 2883 750 2922 rem
781 2862 1066 2920 mentitus
1101 2862 1301 2919 esset.''
1379 2859 1570 2917 Erant
1596 2879 1663 2918 eo
1688 2866 1961 2937 tempore,

196 2959 302 3036 qui
325 2961 697 3033 attimar-ent,
725 2959 877 3017 illud
908 2979 944 3015 a
982 2958 1050 3016 P.
1090 2955 1387 3014 Autronio
1410 2955 1820 3028 machinatum,
1850 2974 1965 3031 quo

196 3056 444 3130 facilius,
482 3057 773 3135 adpellato
811 3057 1033 3127 OrassO,
1067 3074 1174 3132 per
1208 3055 1543 3111 societatem
1567 3052 1811 3129 periculi
1836 3051 1965 3109 reli·⁸
2011 3098 2018 3123 1

196 3168 344 3227 quos
370 3150 532 3208 illius
565 3150 829 3228 potentia
857 3156 1097 3227 tegeret.
1178 3148 1310 3206 Alii
1325 3142 1328 3145 ¹
1342 3147 1723 3224 Tarquinium
1749 3165 1786 3202 a
1811 3143 1967 3202 Cice-
2019 3142 2028 3197 ζ

196 3264 342 3304 rone
367 3247 694 3304 immissum
718 3246 972 3317 aiebant,
999 3265 1075 3303 ne
1098 3243 1353 3315 Crassus,
1378 3261 1539 3300 more
1573 3260 1677 3298 suo
1701 3244 1967 3314 suscepto

199 3342 489 3401 malorum
513 3344 851 3420 patrocinio,
884 3341 1298 3419 rempublicam
1324 3338 1712 3397 conturbaret.
1762 3332 1967 3408 Ipsum
2045 3334 2057 3355 '⁴
