2292 3692
321 237 397 295 88
722 234 813 295 SA
825 235 925 291 LL
937 223 1167 292 USTII'
1215 225 1377 289 JUG
1389 231 1682 293 URTHA.

319 393 571 462 quaestor
623 384 977 461 stipendium
1020 384 1083 439 in
1119 383 1395 439 Africam
1432 388 1802 457 portaverat3
1856 384 1973 441 duo
2013 385 2092 441 ad

317 500 513 558 regem
564 482 823 537 redeunt.
911 480 1005 535 Ex
1058 479 1150 534 his
1197 478 1473 548 BocchuS,
1525 496 1654 534 cum
1699 484 1905 549 cetera,
1957 485 2090 535 tum

316 581 569 636 maxime
589 578 1008 653 benignitatem
1039 582 1099 632 et
1124 576 1384 631 studium
1414 574 1590 630 Sullae
1616 576 1821 631 lubens
1847 577 2085 651 accepit.

209 697 226 708 ‘⁴
317 675 520 732 Romae
538 675 741 750 legatis
759 674 806 749 ej
816 692 897 740 us,
916 679 1220 748 postquam
1239 689 1456 754 erre—sse
1469 690 1678 745 regem,
1697 679 1756 727 et
1772 671 1813 727 J
1818 672 2091 746 ugurthae

317 771 527 828 scelere
561 771 805 846 lapsum,
835 768 1125 845 deprecati
1153 774 1308 834 sunt,
1336 767 1651 823 amicitiam
1683 776 1744 822 et
1778 766 1965 823 foedus
1990 785 2089 841 pe-

209 889 216 896 ‘
269 947 272 952 ι
320 868 577 925 tentibus
612 867 720 923 hoc
747 866 919 921 modo
945 864 1364 939 respondetur:
1411 868 1444 895 “
1464 862 1714 919 Senatus
1739 868 1798 918 et
1838 863 2090 936 populus

313 964 617 1022 Romanus
643 962 908 1020 beneficii
947 969 1006 1019 et
1037 962 1268 1043 injuris}
1309 966 1529 1016 memor
1556 979 1677 1015 esse
1708 958 1857 1014 solet
1878 978 1898 1029 3
1939 972 2090 1015 cete-

316 1079 448 1117 rum
495 1061 740 1130 BocchO,
771 1060 1047 1134 quoniam
1088 1057 1349 1133 poenitet,
1388 1056 1586 1113 delicti
1625 1055 1873 1129 gratiam
1912 1054 2087 1111 facit:

314 1157 498 1214 foedus
526 1162 586 1213 et
612 1156 870 1213 amicitia
897 1156 1208 1224 dabuntur,
1239 1173 1372 1210 cum
1399 1152 1728 1209 meruerit?

434 1256 561 1314 CV.
649 1240 826 1324 Queis
870 1255 1042 1312 rebus
1072 1254 1336 1329 cognitis,
1366 1253 1628 1310 Bocchus
1667 1272 1771 1327 per
1795 1252 2028 1309 litteras
2053 1272 2092 1309 a

315 1353 508 1409 Mario
534 1353 761 1428 petivit,
793 1353 883 1408 uti
928 1351 1150 1408 Sullam
1191 1352 1264 1407 ad
1305 1370 1364 1407 se
1406 1351 1693 1421 mitterem
1735 1350 1898 1424 cujus
1938 1352 2091 1407 arbi·

317 1454 476 1504 tratu
502 1449 575 1504 de
606 1448 1011 1505 communibus
1040 1448 1289 1523 negotiis
1317 1447 1725 1505 consuleretur.
1787 1447 1851 1503 Is
1876 1449 2091 1503 missus

314 1562 447 1600 cum
474 1544 740 1618 praesidio
758 1543 1019 1619 equitum
1048 1551 1145 1618 atq
1156 1562 1227 1599 ue
1253 1543 1531 1617 peditum,
1552 1543 1695 1599 item
1722 1542 2090 1600 funditorum

317 1640 649 1697 Balearium
675 1661 687 1697 :
731 1647 1010 1716 praeterea
1036 1642 1338 1716 sagittarii,
1364 1648 1425 1697 et
1450 1641 1650 1697 cohors
1681 1640 1926 1714 Peligna
1952 1660 2089 1697 cum

314 1735 655 1792 velitaribus
673 1736 863 1805 armis,
888 1736 1117 1792 itineris
1144 1737 1488 1811 properandi
1516 1755 1744 1792 caussa:
1778 1755 1968 1811 neque
1993 1738 2091 1794 his

254 1882 264 1903 ‚
314 1849 492 1904 secus,
520 1836 695 1907 atque
722 1831 853 1889 aliis
892 1833 1086 1903 armis,
1115 1832 1422 1889 adversum
1458 1832 1577 1888 tela
1617 1833 1890 1900 hostium,
1927 1835 2090 1908 quod

314 1945 383 1982 ea
408 1928 562 1984 levia
588 1934 740 1999 sunt,
772 1929 1005 1987 muniti.
1080 1928 1195 1985 Sed
1216 1929 1442 1997 itinere,
1469 1932 1680 2005 quinto
1704 1930 1954 2005 denique
1973 1930 2088 2002 die,

318 2024 535 2095 Volux,
559 2024 714 2081 filius
742 2024 974 2096 Bocchi,
1004 2029 1244 2099 repente
1270 2026 1333 2080 in
1361 2025 1576 2100 campis
1602 2025 1935 2099 patentibus
1952 2044 2090 2082 cum

315 2122 476 2177 mille
503 2140 617 2177 non
649 2122 897 2197 amplius
925 2121 1220 2195 equitibus
1245 2139 1366 2177 sese
1393 2122 1647 2179 ostendit
1657 2143 1675 2194 ;
1719 2124 1836 2197 qui,
1866 2129 2090 2179 temere

316 2223 376 2274 et
403 2217 583 2274 effuse
610 2227 827 2289 euntes,
861 2218 1038 2275 Sullae
1078 2218 1324 2294 aliisque
1362 2218 1631 2275 omnibus
1673 2224 1732 2275 et
1773 2239 2087 2276 numerum

316 2318 657 2393 ampliorem
682 2334 834 2388 vero,
867 2323 926 2375 et
946 2317 1215 2373 hostilem
1243 2322 1466 2373 metum
1494 2316 1828 2376 efficiebant.
1889 2317 2092 2391 Igitur

317 2431 437 2469 sese
484 2412 728 2487 quisque
758 2412 1046 2487 expedire,
1077 2431 1239 2468 arma
1265 2417 1442 2487 atque
1475 2411 1594 2468 tela
1625 2418 1867 2482 tentare,
1897 2412 2091 2468 inten-

317 2509 453 2565 dere
476 2529 490 2566 :
532 2507 710 2566 timor
735 2510 1069 2584 aliquantus
1095 2510 1194 2566 sed
1224 2529 1351 2585 spes
1377 2510 1635 2584 amplior,
1662 2509 2091 2588 quippegijto-

249 2667 260 2676 ἱ
317 2605 494 2693 Q&
525 2610 586 2661 et
612 2604 918 2660 adversum
944 2623 1056 2675 cosi,
1101 2624 1245 2679 quos
1286 2622 1433 2679 saepe
1477 2605 1777 2682 vicerant..
1833 2603 2091 2661 Interim

318 2702 558 2778 equite&
600 2701 965 2777 exploratum
1005 2700 1303 2776 praemissi,
1332 2718 1472 2772 rem,
1500 2700 1591 2756 uti
1639 2704 1780 2772 erat,
1825 2700 2090 2775 quietam

318 2799 614 2857 nunciant.

438 2892 603 2951 CVI.
686 2892 890 2950 'Volux
919 2892 1232 2948 adveniens
1254 2897 1596 2968 quaestorem
1623 2891 1911 2967 adpellat:
1935 2895 1994 2971 *“
2015 2891 2093 2949 Se

317 3006 353 3045 a
379 2995 542 3063 patre
564 2988 791 3046 Boccho
811 2990 1039 3045 obviam
1057 2989 1177 3045 illis
1197 2988 1386 3059 simul,
1414 2996 1472 3044 et
1490 2988 1771 3063 praesidiO,
1790 2989 2091 3045 missum.'’

319 3084 547 3140 Deinde
588 3104 720 3142 eum
762 3090 821 3141 et
860 3085 1192 3159 proximum
1233 3084 1387 3140 diem
1427 3084 1551 3140 sine
1590 3090 1752 3140 metu
1791 3075 2095 3159 conjuncti

319 3187 475 3238 eunt.
562 3181 720 3253 Post,
762 3182 866 3237 ubi
905 3187 1092 3238 castra
1143 3182 1350 3253 locata,
1408 3187 1469 3237 et
1516 3181 1632 3237 diei
1686 3197 1892 3256 vesper
1946 3187 2092 3253 erat,

317 3284 556 3349 repente
596 3276 843 3352 Maurus
880 3278 1106 3334 incerto
1157 3277 1330 3333 vultu
1384 3277 1457 3333 ad
1512 3275 1735 3333 Sullam
1788 3276 2055 3334 adcurrit
2079 3299 2094 3336 τ

322 3370 484 3427 “sibi
538 3390 612 3428 ex
664 3374 1119 3447 speculatoribus
1174 3373 1487 3449 cognitum,
1534 3372 1890 3449 ‚Iugurtham
1929 3373 2095 3432 haud
