2292 3692
12 1366 35 1419 >

138 1578 195 1671 ἰ,

11 1798 27 1849 ξ

13 1914 34 2001 5

658 226 1131 339 m
1153 237 1588 352 Q
1941 258 2017 317 2⁵

237 409 508 471 homines
533 411 939 481 adolescentes,
981 428 1272 485 summam
1298 414 1650 488 potestatem
1675 408 1852 476 nacti,
1892 410 2021 485 qui-

238 507 352 565 bus
377 514 518 565 setas
543 502 888 584 animusque
913 509 1080 565 ferox
1106 514 1250 580 erat,
1276 525 1513 583 coepere,
1536 512 1805 565 senatum
1832 506 2020 564 crimi-

238 604 453 675 nando,
482 604 711 681 plebem
737 605 1066 681 exagitare3
1107 604 1262 676 dein,
1294 604 1596 680 largiendo
1635 611 1813 680 atque
1852 604 2020 680 polli-

236 699 496 771 citando,
541 700 728 775 magis
770 701 1078 758 incendere
1097 718 1116 773 3
1173 702 1261 757 ita
1305 700 1419 777 ipsi
1457 700 1599 758 clari
1638 707 2019 777 potentesque

230 795 401 871 fieri„
467 795 689 875 Contra
715 815 810 854 eos
836 816 1063 875 summa
1089 816 1197 873 ope
1228 798 1531 857 nitebatur
1555 799 1830 875 pleraque
1855 798 2019 859 nobi,-

122 940 131 945 -
232 889 393 962 litas,
436 889 627 947 senati
665 892 866 967 specie,
909 911 1015 968 pro
1054 912 1162 949 sua
1200 893 1629 969 magnitudine.
1725 893 2014 970 Namque,
2113 950 2118 959 ,

237 987 333 1042 uti
358 982 557 1062 paucis
583 987 892 1061 absolvam,
934 1007 1041 1073 per
1065 990 1172 1046 illa
1197 994 1462 1066 tempora
1486 991 1841 1066 quicumque
1866 1010 2013 1049 rem·
2103 1040 2108 1049 ,

237 1082 536 1156 publicam
589 1085 903 1160 agitavere,
959 1084 1225 1142 honestis
1279 1085 1632 1157 nominibus,
1679 1087 1797 1158 alii,
1842 1088 2018 1146 sicuti
2087 1152 2092 1161 ,

236 1177 442 1253 populi
485 1180 625 1254 jura
678 1180 1070 1252 defenderent,
1114 1200 1268 1256 pars,
1312 1200 1429 1257 quo
1469 1184 1659 1241 senati
1701 1184 2017 1241 auctoritas
2079 1252 2084 1261 Ι
2145 1205 2162 1217 ·

235 1275 499 1331 maxima
543 1277 711 1349 foret,
758 1278 980 1335 bonum
1026 1278 1328 1354 publicum
1367 1279 1722 1351 simulantes,
1765 1298 1871 1355 pro
1910 1298 2017 1335 sua
2073 1268 2082 1315 Ῑ

237 1370 486 1447 quisque
524 1374 788 1449 potentia
844 1375 1185 1432 certabant:
1244 1394 1434 1451 neque
1483 1377 1781 1448 modestia,
1825 1396 2016 1453 neque
2069 1360 2074 1377 ⁵

234 1467 445 1523 modus
471 1470 857 1527 contentionis
884 1475 1045 1530 erat:
1084 1469 1325 1546 utrique
1361 1471 1669 1529 victoriam
1704 1473 2017 1531 crudeliter

237 1579 349 1618 exe
413 1563 604 1622 ebant.

298 1674 309 1693 ²
426 1659 675 1720 XXIX.
762 1658 895 1736 Sed,
936 1667 1245 1739 postquam
1287 1661 1396 1721 On.
1439 1663 1755 1739 Pompeius
1789 1664 1865 1721 ad
1898 1661 2015 1722 bel·

233 1752 362 1810 lum
397 1756 758 1814 maritimum
792 1743 970 1835 atqu'e
998 1758 1475 1831 Mithridaticum
1508 1761 1717 1817 missus
1749 1765 1852 1832 est,
1883 1759 2015 1837 ple-

204 1848 328 1905 2bis
368 1868 502 1926 opes
544 1851 885 1925 imminutae,
947 1872 1261 1931 paucorum
1310 1855 1574 1931 potentia
1622 1857 1822 1913 crevit.
1922 1855 2015 1913 Hi

232 1945 627 2019 magistratus,
657 1946 998 2022 provincias,
1028 1950 1259 2025 aliaque
1286 1950 1485 2020 omnia
1508 1956 1707 2008 tenere
1731 1970 1745 2008 t
1788 1951 1902 2027 ipsi
1926 1950 2015 2007 in·

231 2040 417 2112 noxii,
446 2042 733 2115 florentes,
762 2044 888 2101 sine
913 2051 1076 2102 metu
1112 2049 1345 2101 aetatem
1376 2063 1545 2120 agere
1565 2063 1584 2116 3
1626 2050 1844 2102 ceteros
1852 2042 2014 2125 [que]
2061 2070 2073 2102 ι

222 2136 468 2212 judiciis
508 2143 742 2210 terrere,
801 2158 917 2215 quo
966 2140 1198 2215 plebem
1237 2141 1304 2196 in
1342 2141 1693 2216 magistratu
1731 2141 2012 2217 placidius

158 2255 167 2264 .
230 2237 570 2289 tractarent.
658 2233 772 2291 Sed
812 2235 916 2291 ubi
954 2235 1227 2310 primum,
1288 2234 1484 2292 dubiis
1523 2236 1713 2307 rebus,
1755 2235 2013 2293 novandi

228 2344 361 2403 spes
387 2327 585 2384 oblata
610 2334 714 2401 est,
754 2335 925 2386 vetus
963 2335 1256 2406 certamen
1288 2330 1514 2388 animos
1541 2349 1741 2388 eorum
1769 2331 2004 2391 arrexit.

232 2421 457 2490 Quodsi
481 2422 670 2498 primo
696 2425 895 2499 praelio
916 2424 1173 2483 Catilina
1197 2426 1474 2503 superior,
1498 2432 1604 2484 aut
1629 2445 1794 2501 aequa
1812 2445 2006 2499 manu,

229 2516 597 2593 discessisset,
626 2522 885 2597 profecto
911 2540 1122 2598 magna
1140 2522 1330 2580 clades
1349 2527 1529 2599 atque
1548 2522 1846 2580 calamitas
1865 2540 2011 2577 rem-

224 2616 524 2691 publicam
553 2614 942 2692 oppressisset,
972 2636 1165 2692 neque
1190 2618 1323 2689 illis,
1355 2619 1460 2693 qui
1486 2617 1791 2683 victoriam
1811 2616 2009 2691 adepti

228 2713 439 2785 forent,
479 2715 702 2772 diutius
734 2734 802 2771 ea
838 2715 932 2772 uti
957 2714 1233 2784 licuisset,
1263 2714 1411 2790 quin
1442 2713 1679 2771 defessis
1719 2719 1780 2769 et
1807 2731 2011 2770 exsan-

226 2808 456 2884 guibus,
488 2810 592 2885 qui
616 2810 749 2886 plus
775 2816 984 2886 posset,
1014 2810 1327 2886 imperium
1354 2814 1532 2886 atque
1552 2810 1885 2867 libertatem
1912 2830 2009 2867 ex-

222 2911 546 2981 torqueret.
646 2905 837 2963 Fuere
890 2911 1091 2963 tamen
1138 2911 1311 2962 extra
1349 2906 1811 2980 conjurationem
1857 2923 2007 2963 com-

224 3002 439 3077 plures,
478 3001 582 3077 qui
624 3000 700 3058 ad
745 3000 1062 3059 Catilinam
1101 2999 1277 3057 initio
1317 3000 1563 3075 profecti
1602 3006 1780 3057 sunt:
1820 3000 1887 3056 in
1912 2999 2006 3058 his

223 3098 307 3156 A.
336 3098 598 3168 Fulvius,
637 3098 920 3155 senatoris
962 3096 1119 3154 filius
1140 3115 1161 3169 ;
1200 3114 1394 3171 quem,
1437 3100 1758 3152 retractum
1798 3113 1875 3150 ex
1910 3093 2006 3151 iti,

221 3213 381 3267 nere,
409 3212 620 3270 parens
645 3193 841 3251 necari
871 3191 1066 3268 jussit.
1150 3191 1371 3248 Iisdem
1405 3190 1763 3265 temporibus
1796 3187 2001 3246 Romae

221 3290 537 3361 Lentulus,
576 3290 751 3346 sicuti
784 3287 1043 3346 Catilina
1066 3290 1433 3362 praeceperat,
1461 3299 1853 3359 quoscumque
1877 3299 2001 3338 mo·

221 3384 389 3444 ribus
426 3390 534 3443 aut
580 3385 818 3443 fortuna
861 3383 1031 3441 novis
1069 3382 1243 3440 rebus
1288 3379 1526 3453 idoneos
1564 3373 1849 3445 credebat,
1892 3377 1998 3451 aut

2019 2566 2073 2758 P

2050 2770 2065 2786 Ι
