2292 3692
578 223 782 284 SALL
798 223 1030 284 USTH
1076 222 1130 280 J
1136 223 1188 283 U
1195 223 1246 283 G
1257 224 1557 284 URTHA-
1883 225 1959 294 15

170 394 381 436 DECEM
400 393 616 435 mean
636 389 900 446 REGNUM,
921 391 1086 444 QUOD
1102 392 1343 435 mcmsa
1358 385 1751 446 ‘ommunfflm
1774 393 1956 435 INTER

172 489 549 532 menarum
587 489 662 529 m·
699 488 1116 528 Annalium
1153 488 1562 533 mvmmxr:
1603 473 1769 548 cujus
1806 472 1954 549 lega-

170 571 358 628 tionis
383 571 650 645 princeps
674 568 794 626 fuit
820 567 888 625 L.
920 567 1209 643 Opimius,
1231 569 1404 626 homo
1430 569 1619 627 clarus
1644 575 1707 626 et
1731 574 1860 625 tum
1887 569 1955 626 in

172 675 388 726 senatu
428 673 634 743 potens
653 686 672 737 3
716 663 855 740 quia
887 664 1103 735 consul,
1138 664 1200 723 O.
1234 664 1496 723 Graccho
1535 674 1596 723 et
1622 666 1711 723 M.
1739 666 1953 724 Fulvio

171 764 385 820 Flacco
411 761 745 831 interfectis,
763 761 1040 817 acerrime
1059 761 1363 817 victoriam
1390 744 1717 818 nobilitatis
1741 762 1807 818 in
1834 763 1953 838 ple·

172 858 311 915 bem
363 863 715 914 exercuerat.
802 854 958 912 Eum
1000 854 1044 912 J
1046 855 1318 930 ugurtha,
1361 856 1596 913 tametsi
1642 856 1846 913 Romae
1884 857 1958 922 in,

170 953 429 1009 inimicis
453 953 753 1021 habuerat,
774 958 966 1008 tamen
998 952 1437 1018 adcuratissime
1462 952 1717 1028 recepit:
1758 952 1961 1010 dando.

170 1057 235 1107 et
261 1049 637 1125 pollicitando
663 1048 923 1123 perfecit,
953 1047 1045 1104 uti
1078 1048 1249 1119 fama,
1279 1048 1409 1119 fide,
1437 1055 1727 1124 postremo
1766 1049 1951 1106 omni-

171 1146 285 1204 bus
309 1146 429 1202 suis
451 1145 645 1210 rebus,
664 1143 1031 1201 commodum
1064 1143 1217 1219 regis
1256 1143 1584 1201 anteferret.
1669 1144 1950 1221 Reliquos

170 1242 395 1317 leg-atos
434 1242 635 1299 eadem
674 1241 772 1298 via
811 1240 1128 1315 adgressae,
1173 1239 1477 1316 plerosque
1517 1240 1710 1316 capit3
1749 1242 1950 1318 paucis

171 1339 360 1398 carior
397 1338 556 1409 fides,
598 1356 775 1413 quam
826 1337 1087 1412 pecunia,
1129 1337 1263 1395 fuit.
1349 1323 1424 1393 In
1473 1337 1771 1408 divisione,
1816 1356 1948 1413 quae

170 1455 306 1511 pars
343 1433 645 1491 Numidiae
688 1433 1121 1492 Mauretaniam
1158 1432 1428 1509 adtingit,
1457 1451 1612 1509 agro,
1643 1433 1787 1490 viris
1814 1453 1951 1511 opu-

171 1530 403 1600 lentior,
421 1529 465 1587 J
466 1529 734 1605 ugurthae
755 1528 1010 1585 traditur
1034 1548 1047 1586 ε
1088 1528 1251 1584 illam
1270 1529 1533 1601 alteram,
1551 1531 1757 1605 specie,
1772 1550 1950 1607 quam

169 1646 297 1697 usu,
328 1627 630 1702 potiorem,
658 1645 786 1701 quae
828 1624 1156 1701 portuosior
1194 1631 1256 1682 et
1290 1625 1548 1683 aedificiis
1574 1627 1758 1703 magis
1783 1647 1947 1687 exor-

170 1732 314 1780 nata
339 1728 481 1794 erat,
511 1722 813 1779 Adherbal
840 1720 1109 1797 possedit.

181 1824 268 1910 ,<
287 1818 509 1876 XVII.
593 1818 714 1875 Res
740 1817 1034 1893 postulare
1054 1816 1291 1873 videtur
1309 1815 1527 1875 Africae
1547 1817 1728 1876 situm
1748 1820 1957 1894 paucis

169 1936 476 1993 exponere,
506 1923 567 1975 et
607 1934 704 1974 eas
742 1922 959 1991 gentes,
992 1916 1339 1992 quibuscum
1377 1915 1546 1976 nobis
1585 1917 1802 1975 bellum
1841 1925 1947 1976 aut

168 2014 430 2071 amicitia
467 2013 600 2081 fuit,
639 2012 952 2088 adtingere.
1038 2011 1153 2070 Sed
1178 2030 1308 2088 quae
1343 2012 1470 2069 loca
1494 2018 1555 2069 et
1580 2013 1844 2071 nationes
1871 2016 1945 2073 ob

169 2109 436 2182 calorem,
464 2115 569 2169 aut
607 2107 997 2186 asperitatem,
1032 2108 1178 2166 item
1217 2106 1573 2178 solitudines,
1603 2106 1798 2165 minus
1837 2110 1946 2167 fre-

169 2214 453 2282 quentata
492 2214 645 2275 sunt,
673 2208 747 2265 de
784 2206 878 2264 his
911 2205 1072 2264 haud
1098 2205 1267 2263 facile
1293 2211 1653 2280 compertum
1677 2224 1946 2263 narrave-

168 2305 283 2361 rim
308 2324 321 2361 :
361 2310 552 2362 cetera
578 2322 753 2379 quam
781 2301 1140 2378 paucissimis
1166 2301 1474 2359 absolvam.
1557 2300 1635 2357 In
1662 2301 1944 2359 divisione

169 2402 326 2458 orbis
363 2407 533 2458 terrae
572 2399 835 2476 plerique
872 2398 939 2455 in
973 2404 1139 2474 parte
1167 2398 1345 2455 tertia
1370 2396 1635 2454 Africam
1662 2416 1904 2472 posuere
1928 2419 1940 2455 ε

168 2500 340 2575 pauci
375 2499 783 2557 tantummodo
808 2497 1019 2554 Asiam
1055 2502 1116 2552 et
1142 2494 1433 2570 Europam
1463 2514 1616 2553 esse:
1658 2494 1758 2551 sed
1783 2495 1942 2552 Afri·

171 2614 296 2652 cam
321 2594 389 2652 in
414 2594 665 2671 Europa.
747 2592 839 2650 Ea
875 2591 1021 2649 fines
1058 2590 1252 2661 habet,
1282 2590 1358 2645 ab
1384 2589 1696 2659 occidente,
1726 2589 1943 2646 fretum

169 2691 356 2748 nostri
389 2693 571 2751 maris
605 2696 667 2749 et
700 2689 901 2748 oceani
922 2708 939 2761 3
982 2688 1056 2745 ab
1083 2692 1216 2744 ortu
1243 2685 1394 2755 solis,
1427 2684 1707 2741 declivem
1745 2685 1944 2741 latitu-

169 2786 379 2858 dinem,
422 2807 597 2864 quem
642 2786 837 2844 locum
890 2782 1316 2846 Catabathmon
1367 2780 1571 2837 incolae
1625 2781 1937 2856 adpellant.

170 2881 337 2940 Mare
355 2901 590 2955 soevum,
611 2883 1065 2958 importuosum:
1095 2897 1234 2954 ager
1252 2879 1486 2952 frugum
1509 2877 1732 2951 fertilis,
1756 2878 1940 2934 bonus

167 2979 372 3055 pecori,
395 2980 598 3037 arbore
624 2978 967 3036 infecundus
991 2996 1005 3033 z
1048 2976 1186 3032 caelo
1212 2963 1482 3050 terraque
1500 2974 1747 3049 penuria
1768 2993 1941 3049 aqua·

167 3094 313 3133 rum.
369 3074 600 3133 :Genus
632 3074 938 3132 hominum
965 3070 1187 3130 salubri
1213 3087 1464 3145 corpore,
1497 3068 1685 3136 velo&
1711 3070 1941 3144 patiens

167 3171 468 3229 laborum:
511 3173 816 3247 plerosque
856 3175 1120 3228 senectus
1163 3167 1443 3236 dissolvit,
1468 3165 1582 3222 nisi
1624 3165 1728 3241 qui
1765 3161 1944 3235 ferro,

167 3275 271 3326 aut
307 3269 523 3341 bestiis,
552 3268 866 3327 interiere:
908 3286 1047 3326 nam
1084 3266 1323 3323 morbus
1359 3262 1516 3320 haud
1556 3280 1705 3337 saepe
1745 3279 1939 3336 quem-

167 3384 340 3441 quam
397 3372 653 3442 superat.
732 3366 836 3423 Ad
901 3364 1025 3437 hoc,
1081 3362 1328 3421 malefici
1392 3358 1619 3436 generis
1683 3356 1941 3434 plurima
