2292 3692
265 258 340 316 52
664 251 761 314 SA
768 253 870 311 LL
885 211 1118 317 mm
1165 250 1330 311 ΜΘ
1340 251 1636 314 URTHA.

260 408 646 474 comminutas
673 426 820 468 esse:
863 407 1005 465 satis
1044 425 1194 483 saepe
1216 406 1344 483 jam
1369 413 1431 465 et
1458 406 1741 465 virtutem
1767 406 2050 479 militnm,

260 512 321 562 et
335 506 632 562 fortunam
651 508 970 561 tentatam:
998 509 1217 575 caveat,
1243 522 1321 561 ne
1336 502 1440 560 illo
1447 508 1760 578 cunctante
1767 504 2050 561 Numidae

259 600 371 659 sibi
397 601 753 658 consulant.''
802 656 811 667 ,
834 599 955 657 His
980 605 1157 676 atque
1183 599 1401 657 talibus
1429 599 1559 656 aliis
1585 598 1661 656 ad
1688 599 2050 656 deditionem
2128 587 2143 598 ⁶

259 697 411 773 regis
468 696 733 753 animum
788 695 1053 771 impellit
1139 694 1476 752 Mittuntur
1521 694 1596 751 ad
1634 695 2049 771 imperatorem

258 792 474 867 legati:
534 792 639 867 qui
676 790 721 848 J
722 790 1041 865 ugurtham
1094 791 1384 867 imperata
1431 790 1725 871 facturum
1765 790 2045 860 dicerent,

258 906 325 944 ac
361 889 489 946 sine
526 887 648 944 ulla
688 886 956 963 pactione
999 904 1123 943 sese
1170 904 1527 961 regnumque
1566 905 1739 943 suum
1778 885 1844 942 in
1884 885 2050 941 illius

258 982 434 1040 fidem
461 983 706 1041 tradere.
791 982 1069 1041 Metellus
1101 1001 1344 1060 propere
1380 988 1620 1040 cunctos
1655 982 1930 1039 senatorii
1957 1001 2049 1038 or-

161 1067 181 1158 i
260 1078 415 1135 dinis
442 1098 518 1135 ex
542 1078 802 1137 hibernis
827 1079 1094 1136 accersiri
1111 1080 1315 1155 jubet:
1357 1098 1558 1136 eorum
1581 1083 1759 1154 atque
1777 1074 2047 1148 aliorum,

261 1195 406 1251 quos
432 1176 670 1233 idoneos
696 1175 962 1246 ducebat,
999 1175 1310 1233 consilium
1343 1174 1534 1232 habet.
1618 1174 1719 1231 Ita
1744 1193 1903 1231 more
1928 1193 2054 1232 ma·

253 1270 469 1345 jorum,
513 1289 589 1327 ex
627 1269 858 1327 consilii
897 1270 1145 1342 decreto,
1190 1290 1296 1346 per
1331 1270 1556 1346 legatos
1589 1268 1631 1326 J
1633 1269 1902 1344 ugurthae
1940 1269 2066 1348 im·⁸

261 1372 429 1441 perat
455 1366 684 1441 argenti
708 1367 901 1442 pondo
931 1367 1185 1424 ducenta
1217 1366 1419 1437 millia,
1461 1365 1799 1442 elephantos
1826 1384 2049 1436 omnes,

262 1480 546 1536 equorum
605 1467 667 1518 et
725 1481 1020 1520 armorum
1075 1463 1459 1539 aliquantum.
1555 1462 1698 1531 Quae
1738 1468 2053 1537 postquam

264 1558 391 1614 sine
429 1576 595 1615 mora
649 1558 804 1615 facta
844 1565 998 1630 sunt,
1055 1559 1228 1634 jubet
1269 1576 1470 1616 omnes
1507 1558 1778 1634 perfugas
1817 1557 2054 1614 vinctos

191 1668 210 1690 ι
239 1652 512 1726 “ει(1(1ιιοί;
554 1673 755 1711 eorum
783 1674 995 1731 magna
1032 1674 1183 1732 pars,
1226 1662 1296 1714 nt
1327 1656 1557 1731 jussum
1597 1659 1739 1725 erat,
1769 1652 2051 1730 athh

264 1750 451 1823 pauci,
488 1768 622 1807 cum
657 1750 913 1826 primum
940 1752 1161 1809 deditio
1189 1752 1380 1828 coepit,
1422 1751 1498 1808 ad
1529 1769 1724 1826 regem
1752 1749 2054 1807 Bocchum

265 1846 329 1901 in
357 1845 789 1904 Mauretaniam
819 1848 1099 1904 abierant.
1173 1848 1370 1924 Igitur
1394 1846 1440 1905 J
1441 1847 1713 1922 ugurtha,
1741 1846 1846 1903 ubi
1871 1846 2054 1903 armis

234 1979 241 1986 -
264 1940 523 2017 virisque
548 1948 610 1998 et
635 1943 880 2017 pecunia
904 1942 1188 2018 spoliatus
1224 1949 1328 2015 est,
1351 1962 1485 2000 cum
1516 1944 1641 2018 ipse
1666 1940 1742 1999 ad
1765 1942 2056 2018 imperan-

266 2035 410 2092 dum
435 2035 722 2093 Tisidium
747 2043 1071 2108 vocaretur,
1101 2056 1303 2095 rursus
1332 2037 1508 2112 coepit
1532 2037 1761 2093 flectere
1787 2036 2053 2092 animum

266 2151 454 2202 suum,
494 2137 555 2188 et
580 2152 657 2188 ex
683 2133 839 2189 mala
866 2134 1219 2191 conscientia
1246 2134 1424 2210 digna
1449 2133 1672 2193 timere.
1758 2133 2050 2208 Denique,

266 2226 473 2288 multis
498 2227 703 2284 diebus
717 2247 823 2302 per
848 2228 1278 2287 dubitationem
1296 2228 1672 2304 consumptis,
1710 2247 1845 2284 cum
1879 2227 2055 2284 modo

267 2321 442 2378 taedio
480 2341 678 2378 rerum
717 2323 1091 2380 adversarum
1132 2324 1330 2381 omnia
1364 2324 1516 2381 bello
1542 2325 1770 2400 potiora
1796 2324 2054 2393 duceret,

267 2417 567 2475 interdum
598 2437 794 2478 secum
833 2419 957 2496 ipse
982 2410 1301 2496 reputaret,
1336 2439 1515 2495 quam
1551 2421 1746 2496 gravis
1787 2437 1953 2477 casus
1989 2418 2053 2476 in
2092 2461 2105 2473 .

268 2515 577 2572 servitium
612 2534 687 2571 ex
719 2533 899 2589 regno
926 2516 1077 2590 foret
1096 2536 1115 2588 3
1160 2516 1362 2573 multis
1394 2516 1734 2591 magnisque
1769 2513 2058 2591 praesidiis

208 2607 220 2619 ⁸
269 2610 664 2685 nequidquam
689 2611 947 2687 perditiS,
977 2612 1052 2668 de
1076 2610 1306 2686 integro
1330 2610 1549 2667 bellum
1576 2608 1771 2669 sumit.
1848 2607 2056 2664 Romae

268 2712 521 2776 senatuS,
578 2705 652 2762 de
703 2706 1018 2782 provinciis
1064 2706 1379 2778 consultus,
1424 2705 1771 2762 Numidiam
1810 2702 2057 2761 Metello

271 2799 622 2856 decreverat.

239 2973 249 2979 ἢ
393 2895 637 2954 LXIII.
724 2894 840 2953 Per
869 2894 1028 2955 idem
1062 2903 1294 2973 tempus
1320 2895 1517 2955 'Uticae
1553 2895 1703 2952 forte
1745 2892 1809 2951 G.
1838 2892 2055 2963 Mario,

271 2988 380 3067 per'
414 2989 635 3048 hostias
675 2991 787 3048 diis
828 2992 1196 3068 supplicanti,
1244 2997 1280 3025 “
1297 3011 1507 3068 magna
1548 2997 1726 3066 atque
1766 2989 2061 3046 mirabilia

272 3087 546 3163 portendi
554 3086 583 3109 ”
613 3086 912 3168 haruspex,
925 3088 1160 3145 dixerat
1183 3108 1197 3146 z
1243 3093 1278 3123 ‘⁶
1293 3088 1534 3165 proinde
1561 3106 1690 3164 quae
1719 3086 1914 3142 animo
1939 3085 2063 3161 agi-

274 3183 456 3253 tabat,
495 3182 683 3239 fretus
716 3182 805 3238 dis
837 3189 1052 3258 ageret,
1089 3184 1390 3242 fortunam
1416 3202 1594 3258 quam
1620 3181 1934 3258 saepissime
1960 3199 2064 3237 ex-

275 3277 603 3350 periretur3
648 3275 856 3334 cuncta
895 3296 1168 3355 prospera
1209 3281 1539 3337 eventura.”
1622 3279 1714 3335 At
1739 3276 1912 3335 illum
1927 3276 2062 3351 jam

277 3377 450 3428 antea
495 3363 849 3429 consulatus*
869 3373 1074 3449 ingens
1106 3374 1317 3452 cupido
1358 3372 1728 3451 exagitabat3
1765 3372 1840 3430 ad
1881 3389 2060 3447 quem
