2292 3692
565 257 1004 320 SALLUSTII
1048 259 1518 319 JUGURTHA.
1859 264 1931 324 67

155 416 350 488 modo,
394 417 566 473 modo
606 418 904 474 universos
949 416 1199 474 laedere:
1252 416 1536 488 dictitare,
1588 421 1622 451 “
1639 436 1756 475 sese
1802 437 1932 475 con-

157 515 420 571 sulatum
462 534 537 571 ex
575 515 746 571 victis
791 514 911 571 illis
953 514 1136 589 spolia
1183 513 1462 590 cepisse;’'
1504 514 1618 570 alia
1657 521 1934 590 praeterea

156 612 469 687 magnifica
494 632 600 688 pro
619 632 701 683 se,
734 619 795 670 et
819 612 940 669 illis
971 613 1243 670 dolentia.
1330 604 1599 682 Interim,
1629 632 1756 688 quae
1785 611 1933 668 bello

156 726 309 782 opus
334 717 516 779 erant,
548 709 735 784 prima
760 709 1003 766 habere.
1043 708 1337 783 postulare
1361 709 1685 784 legionibus
1712 709 1933 785 supple-

156 808 445 875 mentum,
476 806 696 861 auxilia
722 824 758 860 a
793 805 1022 881 populis
1062 810 1123 861 et
1164 806 1412 882 regibuS,
1444 806 1725 881 sociisque
1757 824 1935 862 arces-

158 918 289 956 sere
312 920 326 956 :
367 907 644 974 praeterea
672 919 746 957 ex
773 900 943 958 Latio
971 902 1352 958 fortissimum
1393 921 1695 979 quemque,
1726 904 1934 979 pleros-

158 1015 278 1071 que
305 996 545 1067 militiae,
577 1015 787 1072 paucos
812 997 968 1054 fama
994 998 1268 1073 cognitos,
1299 999 1498 1069 accire,
1543 1004 1605 1056 et
1630 999 1934 1055 ambiendo

159 1108 367 1166 cogere
418 1090 704 1148 homines*
739 1093 993 1149 emeritis
1036 1094 1341 1171 StiRQffiS
1393 1112 1589 1150 secum
1634 1094 1929 1169 proficisci.

161 1187 382 1263 Neque
415 1187 505 1244 illi
546 1194 794 1259 senatUS,
826 1208 1179 1265 quamquam
1220 1189 1492 1246 adversus
1529 1195 1670 1260 erat,
1701 1190 1771 1247 de
1812 1190 1933 1246 ullo

160 1284 399 1359 negotio
463 1285 715 1342 abnuere
781 1286 1031 1342 audebat
1054 1306 1073 1358 3
1135 1279 1401 1343 'ceterum
1467 1286 1932 1362 supplementum

163 1380 345 1446 etiam
385 1382 553 1437 laetus
594 1382 953 1439 decreverat:
994 1382 1133 1457 quia
1172 1400 1361 1458 neque
1401 1381 1558 1457 plebi
1596 1382 1807 1439 militia
1841 1402 1935 1439 vo-

149 1476 313 1533 ,lenti
340 1478 676 1553 putabatur,
707 1483 767 1534 et
807 1478 1035 1534 Marius
1062 1483 1167 1534 aut
1207 1478 1346 1535 belli
1382 1498 1570 1545 usum,
1599 1485 1702 1535 aut
1743 1479 1935 1535 studia

163 1573 346 1647 vulgi,
390 1574 719 1631 amissurus,
805 1573 920 1631 Sed
961 1594 1029 1632 ea
1066 1594 1159 1631 res
1199 1575 1415 1631 frustra
1455 1582 1710 1650 sperata:
1768 1581 1935 1631 tanta

165 1670 367 1726 lubido
410 1690 542 1727 cum
592 1671 788 1728 Mario
832 1672 1009 1729 eundi
1062 1672 1363 1748 plerosque
1408 1673 1716 1731 invaserat.
1803 1672 1935 1729 Sese

164 1766 427 1841 quisque,
477 1767 671 1842 praeda
716 1767 1077 1843 locupletem,
1127 1769 1409 1825 victorem
1450 1769 1685 1829 domum
1722 1769 1936 1825 reditu-

162 1879 317 1944 rum,
355 1862 473 1917 alia
514 1863 924 1937 hujuscemodi,
954 1863 1164 1919 animis
1196 1857 1542 1920 trahebant:
1584 1868 1645 1920 et
1685 1882 1778 1920 eos
1817 1882 1935 1918 non

162 1956 431 2032 paullum
471 1958 732 2015 oratione
771 1977 876 2014 sua
916 1956 1143 2014 Marius
1176 1965 1494 2015 arrexerat.
1578 1943 1752 2028 Nam,
1786 1964 1933 2033 post-

163 2036 359 2127 quam,
417 2054 684 2110 omnibus
737 2072 863 2128 quae
933 2054 1330 2128 postulaverat
1396 2054 1655 2124 decretiS,
1719 2053 1934 2109 milites

164 2148 414 2204 scribere
459 2148 608 2219 vult,
654 2148 928 2205 hortandi
963 2167 1163 2205 caussa
1203 2149 1392 2219 simul,
1433 2154 1493 2205 et
1544 2147 1929 2216 nobilitatem,

162 2243 262 2298 uti
303 2249 694 2315 consueverat,
735 2244 1084 2319 exagitandi,
1133 2245 1463 2328 concionem
1516 2243 1716 2319 populi
1768 2244 1934 2300 advo-

164 2337 337 2394 cavit.
423 2338 651 2395 Deinde
676 2338 784 2396 boc
812 2340 982 2395 modo
1009 2340 1297 2397 disseruit.
1907 2354 1957 2385 Φ»

288 2432 614 2491 LXXXV.
703 2434 886 2491 “Scio
952 2453 1071 2509 eg0,
1131 2434 1407 2504 Quirites
1464 2433 1763 2509 plerosque
1816 2453 1931 2490 non
2028 2437 2061 2482 ‹'

165 2527 351 2585 isdem
391 2529 615 2585 artibus
651 2528 958 2604 imperium
999 2548 1035 2585 a
1073 2529 1239 2585 vobis
1275 2535 1486 2604 petere,
1517 2534 1591 2599 et,
1630 2533 1935 2603 postquam

163 2622 366 2698 adepti
390 2629 545 2695 sunt,
575 2643 799 2699 gerere:
839 2624 1027 2701 primo
1067 2624 1400 2695 industrios,
1431 2624 1728 2699 supplices,
1758 2624 1935 2680 modi—

166 2737 266 2775 cos
307 2738 427 2776 esse
437 2739 457 2791 3
515 2721 721 2778 deinde
762 2740 866 2796 per
895 2722 1188 2796 ignaviam
1242 2727 1303 2778 et
1339 2721 1666 2797 superbiam
1701 2727 1935 2777 aetatem
2001 2766 2011 2789 ¹.

165 2834 352 2890 agere.
440 2816 553 2873 Sed
604 2817 752 2873 mihi
777 2825 981 2873 contra
1020 2837 1088 2875 ea
1129 2817 1406 2889 videtur,
1453 2836 1606 2888 nam,
1650 2835 1767 2892 quo
1806 2817 1934 2873 uni-

165 2934 333 2972 versa
360 2915 681 2996 respublica
709 2915 892 2992 pluris
928 2922 1031 2986 est,
1069 2934 1246 2991 quam
1278 2915 1613 2972 consulatus
1649 2920 1757 2970 aut
1792 2933 1934 2989 prae-

168 3017 318 3082 tura,
362 3029 430 3067 eo
482 3010 700 3085 majore
744 3027 888 3067 cura:
923 3009 1087 3066 illam
1135 3009 1548 3079 administrari,
1584 3027 1760 3084 quam
1813 3008 1933 3063 haec

164 3108 304 3184 peti,
332 3107 557 3164 debere.
641 3106 848 3182 Neque
876 3125 968 3163 me
993 3106 1165 3173 fallit,
1194 3113 1480 3181 quantum
1509 3123 1641 3161 cum
1677 3103 1932 3159 maximo

67 3254 90 3259 --
164 3203 444 3280 beneficio
498 3210 690 3268 vestro
741 3203 961 3278 negotii
1006 3202 1336 3259 sustineam.
1445 3200 1679 3257 Bellum
1730 3216 1933 3274 parare

164 3300 357 3371 simul,
390 3304 451 3355 et
476 3300 679 3366 aerario
709 3318 941 3374 parcere
953 3319 971 3371 3
1014 3318 1217 3374 cogere
1255 3299 1328 3355 ad
1368 3297 1640 3354 militiam
1668 3314 1762 3352 eos
1788 3314 1932 3369 quos

163 3396 317 3453 nolis
353 3394 679 3452 offendere:
735 3396 889 3452 domi
937 3394 1192 3470 forisque
1239 3394 1433 3452 omnia
1476 3409 1713 3462 curare3
1766 3398 1826 3448 et
1865 3409 1934 3446 ea
2022 3397 2050 3472 ’ἱ

1620 3504 1769 3561 5-2

707 3637 742 3652 ,Χ
