2292 3692
365 241 440 299 34
794 241 996 301 SALL
1008 241 1237 300 USTII
1273 239 1370 301 CA
1382 239 1688 300 TJLINA.

362 393 641 466 omnibus,
683 412 816 451 cum
847 413 997 471 saepe
1030 395 1536 472 Carthaginienses
1571 401 1632 453 et
1656 397 1721 453 in
1747 415 1904 472 pace,
1934 401 1997 454 et
2022 394 2127 473 per

358 489 639 569 inducias,
686 490 873 547 multa
918 490 1157 548 nefaria'
1183 492 1438 548 fecinora
1478 491 1765 562 fecissent,
1806 510 2125 567 numquam

358 583 472 660 ipsi
507 604 614 662 per
651 585 1002 643 occasionem
1040 586 1187 643 talia
1222 587 1450 657 fecere3
1485 586 1685 662 magis),
1718 586 1865 662 quid
1901 604 1965 643 se
2002 587 2125 663 dig-

359 699 504 737 num
528 682 694 753 foret,
732 701 907 757 quam
943 683 1084 767 quid
1120 683 1187 739 in
1212 683 1329 741 illis
1352 683 1487 759 jure
1512 682 1639 739 fieri
1664 687 1873 757 posset,
1911 700 2125 757 quaero-

354 774 517 837 bant,
580 777 735 870 NHoc
777 778 930 834 idem
962 778 1388 853 providendum
1419 783 1523 848 est,
1564 777 1769 837 Patres
1795 768 2120 853 conscripti,

357 890 435 930 ne
460 873 592 948 plus
616 875 808 932 valeat
832 875 990 950 apud
1003 894 1109 931 vos
1135 873 1201 932 P.
1222 873 1460 931 Lentuli
1488 878 1549 931 et
1574 878 1895 930 ceterorum
1921 872 2122 944 scelus,

358 988 535 1044 quam
573 977 769 1028 vestra
807 971 1103 1046 dignitas3
1147 989 1263 1028 neu
1302 970 1487 1046 magis
1524 970 1626 1026 iroe
1665 975 1891 1041 vestrae,
1947 987 2126 1044 quam

358 1064 541 1135 famae,
561 1064 885 1122 consulatis.
955 1064 1116 1122 Nam
1142 1066 1193 1122 si
1220 1065 1396 1141 digna
1421 1083 1591 1141 poena
1614 1080 1721 1140 pro
1736 1063 1906 1121 factis
1924 1082 2125 1121 eorum

357 1160 660 1235 reperitur,
705 1180 923 1218 novum
967 1160 1270 1218 consilium
1306 1150 1597 1237 adprobo:
1650 1161 1744 1217 sin
1783 1159 2124 1235 magnitudo

356 1253 586 1313 sceleris
613 1257 872 1313 omnium
894 1257 1132 1331 ingenia
1162 1263 1485 1332 exsuperat,
1509 1256 1581 1327 iis
1609 1255 1895 1312 utendum
1922 1273 2126 1313 censeo

357 1367 487 1424 quae
547 1350 769 1427 legibus
825 1359 1154 1428 comparata
1194 1358 1347 1411 sunt.
1432 1350 1705 1427 Plerique
1744 1370 1960 1422 eorum,
2017 1351 2123 1426 qui

356 1450 494 1523 ante
536 1462 631 1501 me
665 1447 984 1503 sententias
1021 1448 1316 1518 dixerunt,
1337 1436 1669 1523 ,composite
1701 1454 1878 1523 atque
1902 1446 2125 1521 magni-

354 1539 463 1597 fice
488 1558 683 1597 casum
709 1541 1045 1617 reipublicae
1069 1543 1329 1599 miserati
1356 1549 1497 1600 sunt
1520 1562 1534 1600 ε
1575 1561 1705 1618 qua}
1733 1542 1873 1600 belli
1898 1543 2125 1599 saevitia

354 1641 523 1706 esset,
557 1655 687 1711 quae
731 1636 905 1693 victis
926 1637 1290 1710 ⁶acciderent,
1333 1652 1778 1711 enumeravere3
1840 1637 1967 1713 rapi
2005 1638 2123 1694 vir-

353 1729 534 1804 gines,
578 1729 785 1806 puer-os
805 1751 823 1804 3
863 1722 1317 1800 divelliKIiberos
1353 1751 1389 1788 a
1426 1737 1737 1808 parentum
1774 1731 2079 1807 complexu
2101 1751 2121 1803 3

353 1831 567 1901 matres
602 1807 957 1884 familiarum
989 1827 1114 1903 pati
1196 1845 1285 1893 uae
1324 1814 1643 1884 victoribus
1684 1826 2079 1884 collibuissent
2099 1847 2118 1899 3

352 1918 490 1977 fana
528 1926 707 1997 atque
749 1921 946 1978 domos
992 1847 1304 1998 exspoliari
1323 1943 1342 1995 3
1359 1980 1370 1987 ,
1385 1922 1615 2001 cpedem,
1648 1922 1917 1979 incendia
1947 1921 2091 1978 fieri‘
2097 1943 2118 1994 3

353 2021 659 2093 postremO,
689 2017 879 2088 armis,
910 2017 1301 2088 cadaveribus,
1324 2035 1525 2075 cruore
1543 2025 1720 2094 atque
1739 2017 1906 2075 luctu
1923 2017 2126 2074 omnia

353 2113 644 2188 compleri.
729 2113 843 2170 Sed
884 2133 988 2189 per
1026 2114 1163 2170 deos
1212 2112 1602 2170 immortales!
1645 2132 1763 2189 quo
1793 2112 1897 2170 illa
1934 2112 2120 2169 oratio
2159 2160 2164 2165 .

352 2210 683 2284 pertinuit'l
737 2228 827 2281 an,
881 2210 971 2268 uti
1009 2228 1112 2266 vos
1151 2210 1390 2266 infestos
1430 2208 1820 2285 conjurationi
1864 2208 2118 2266 faceret‘i

354 2298 604 2374 Scilicet,
666 2324 841 2381 quem
899 2323 990 2362 res
1042 2306 1213 2362 tanta
1251 2311 1427 2381 atque
1467 2298 1589 2361 tam
1629 2310 1800 2361 atrox
1817 2322 1957 2360 xnon
1995 2322 2123 2378 per-

352 2399 553 2470 movit,
613 2417 748 2457 eum
806 2386 993 2458 oratio
1041 2401 1346 2461 accendet!
1428 2400 1570 2457 Non
1616 2400 1703 2457 ita
1740 2405 1869 2457 est:
1924 2417 2116 2474 neque

355 2493 622 2569 aliquam
638 2495 969 2553 mortalium
988 2496 1217 2571 injuriae
1236 2515 1354 2553 suae
1370 2513 1561 2570 parvoe
1582 2494 1860 2551 videntur
1883 2513 1897 2551 z
1938 2492 2121 2549 multi

355 2609 452 2648 eas
486 2590 737 2665 gravius·
757 2609 921 2667 aequo
956 2590 1223 2650 habuere.
1310 2568 1430 2647 Sed
1451 2576 1566 2647 alia
1590 2590 1719 2646 aliis
1744 2588 1983 2647 licentia
2007 2589 2116 2660 est,

352 2683 557 2741 Patres
582 2686 906 2762 conscripti.
994 2686 1113 2755 Qui
1143 2686 1377 2743 demissi
1406 2686 1473 2742 in
1505 2687 1747 2743 obscuro
1789 2684 1976 2741 vitam
2016 2682 2119 2739 hap

348 2779 507 2851 bent,
546 2781 595 2837 si
628 2781 771 2856 quid
805 2782 1105 2843 iracundia
1144 2780 1453 2857 deliquere,
1495 2781 1666 2856 pauci
1690 2780 1919 2851 sciunt3
1959 2777 2119 2834 fama

348 2879 528 2950 atque
572 2876 809 2937 fortuna
845 2896 1045 2934 eorum
1081 2896 1248 2953 pares
1282 2882 1423 2933 sunt
1449 2896 1464 2934 ε
1505 2876 1610 2952 qui
1634 2894 1845 2951 magno
1869 2873 2117 2950 imperio

347 2973 576 3049 praediti
610 2973 677 3030 in
716 2973 938 3030 excelso
982 2978 1216 3029 aetatem
1249 2980 1451 3048 agunt,
1492 2989 1692 3029 eorum
1727 2970 1882 3027 facta
1914 2970 2116 3046 cuncti

348 3068 619 3126 mortales
652 3087 879 3126 novere.
962 3068 1064 3125 Ita
1102 3068 1170 3125 in
1206 3067 1462 3125 maxima
1488 3068 1725 3124 fortuna
1762 3064 2008 3123 minima
2045 3066 2115 3122 li-

2271 1426 2279 1743 ἱ

2167 2104 2186 2155 ’

349 3162 540 3220 centia
575 3168 701 3220 est:
742 3181 931 3243 neque
970 3161 1220 3232 studere,
1257 3179 1447 3250 afflue
1480 3161 1682 3231 odisse,
1727 3160 1829 3217 sed
1868 3159 2116 3244 minime
2188 3220 2195 3231 ,

348 3254 516 3314 irasci
542 3257 708 3336 decet
733 3277 746 3313 ε
786 3274 915 3332 quoe
957 3256 1112 3331 apud
1146 3256 1290 3313 alios
1321 3255 1621 3313 iracundia
1653 3255 1884 3326 dicitur,
1913 3254 1979 3310 in
2003 3253 2117 3310 im-

351 3353 509 3429 perio
542 3350 813 3430 superbia
849 3352 1024 3427 atque
1054 3350 1363 3409 crudelitas
1396 3349 1738 3427 adpellatur.
1821 3347 2118 3426 Equidem
