2292 3692
622 230 1066 292 SALLUSPII
1112 233 1166 291 J
1173 234 1232 292 U
1230 234 1584 296 GURTHA.
1910 237 1988 297 87

205 386 469 462 quinque
526 385 746 461 deligit,
791 407 1039 463 quorum
1084 394 1149 445 et
1185 389 1326 446 fides
1362 390 1608 466 cognita,
1654 396 1716 448 et
1757 391 1991 467 ingenia

203 481 564 537 validissima
589 490 772 542 erant.
858 484 976 541 Eos
1001 485 1077 541 ad
1105 485 1381 556 Marium,
1401 506 1467 542 ac
1495 485 1645 557 dein,
1670 487 1720 543 si
1745 487 1984 563 placeat,

205 576 479 649 Romam,
509 573 729 654 legates
757 579 843 636 ire
863 580 1036 655 jubet
1061 601 1075 637 z
1117 582 1475 656 agendmm
1510 601 1723 654 mmm,
1754 588 1814 639 et
1851 602 1989 657 quo-
2050 615 2053 618 v

201 692 457 749 cumque
509 675 682 731 modo
721 675 861 732 belli
900 677 1299 751 componendi,
1342 677 1640 735 licentiam
1679 680 1982 753 permittit.

202 769 313 826 Illi
367 776 597 827 mature
644 771 721 828 ad
776 772 1019 829 hiberna
1073 773 1474 830 Romanorum
1519 774 1984 849 proficiscuntur:

201 865 338 922 dein
346 867 433 938 de,
476 867 687 925 itinere
726 887 761 924 a
802 868 1052 925 Gaetulis
1076 869 1401 926 latronibus
1435 870 1820 927 circumventi
1860 889 1985 945 spo-

202 962 471 1038 liatique,
518 964 733 1038 pavidi,
783 966 908 1022 sine
962 965 1166 1022 decore
1219 966 1296 1023 ad
1351 965 1573 1023 Sullam
1625 967 1980 1042 perfugiunt,

200 1078 382 1134 quem
410 1060 625 1128 consul,
656 1060 720 1115 in
746 1060 1176 1135 expeditionem
1199 1061 1578 1136 proficiscens,
1606 1081 1712 1137 pro
1739 1068 1982 1136 praetore

199 1155 538 1230 reliquerat.
624 1154 739 1211 Eos
766 1155 865 1212 ille
891 1175 1011 1212 non
1038 1175 1143 1231 pro
1170 1157 1339 1212 vanis
1365 1156 1645 1227 hostibus,
1684 1163 1753 1212 ut
1787 1158 1983 1213 meriti

199 1255 389 1321 erant,
427 1250 527 1306 sed
566 1250 840 1307 adcurate
879 1271 945 1307 ac
976 1250 1296 1308 liberaliter
1329 1252 1568 1324 habuit3
1610 1271 1726 1327 qua
1759 1272 1822 1309 re
1859 1253 1983 1309 bar-

198 1346 336 1401 bari
361 1350 423 1402 et
448 1345 660 1401 famam
691 1344 1093 1403 Romanorum
1120 1347 1380 1403 avaritiae
1409 1346 1627 1417 falsam,
1650 1354 1712 1402 et
1739 1347 1977 1419 Sullam,

198 1440 278 1497 ob
326 1441 785 1497 munificentiam
827 1442 892 1498 in
935 1462 1071 1513 sese,
1100 1444 1354 1500 amicum
1391 1444 1521 1502 rati.
1607 1443 1766 1500 Nam
1802 1445 1980 1500 etiam

198 1545 335 1595 tum
361 1536 595 1612 largitio
621 1539 823 1595 multis
850 1538 1080 1613 ignara:
1110 1539 1420 1596 munificus
1446 1557 1615 1596 nemo
1643 1540 1975 1613 putabatur,

196 1633 320 1690 nisi
356 1634 577 1708 pariter
610 1633 843 1691 volens:
890 1633 1044 1690 dona
1078 1635 1276 1691 omnia
1309 1635 1374 1690 in
1410 1636 1769 1710 benignitate
1808 1636 1979 1692 habe-

195 1731 436 1788 bantur.
521 1729 718 1804 Igitur
743 1731 1018 1804 quaestori
1045 1731 1321 1787 mandata
1351 1730 1567 1787 Bocchi
1588 1731 1974 1805 patefaciunt:

195 1827 376 1883 simul
404 1826 478 1882 ab
505 1845 572 1883 eo
600 1833 825 1901 petunt,
857 1828 950 1884 uti
976 1828 1173 1884 fautor
1208 1827 1613 1901 consultorque
1647 1827 1758 1883 sibi
1784 1828 1938 1883 adsit
1961 1848 1975 1884 ε

194 1921 409 1996 copias,
444 1921 636 1993 fidem,
664 1923 1128 1998 magnitudinem
1155 1925 1308 2000 regis
1335 1925 1443 1995 sui,
1474 1931 1535 1980 et
1555 1923 1684 1994 alia,
1715 1943 1844 1999 quae
1873 1933 1978 1980 aut

193 2017 372 2073 utilia
397 2024 503 2075 aut
530 2019 946 2076 benevolentiae
988 2039 1109 2077 esse
1147 2021 1476 2090 credebant,
1506 2021 1768 2076 oratione
1795 2021 1976 2076 extol-

193 2113 334 2170 lunt
363 2136 376 2171 z
418 2114 570 2185 dein,
591 2113 754 2170 Sulla
781 2116 977 2171 omnia
1002 2115 1279 2190 pollicito,
1303 2099 1476 2185 docti,
1499 2134 1614 2190 quo
1635 2114 1807 2170 modo
1821 2114 1976 2189 apud

195 2209 477 2278 Marium,
517 2210 661 2266 item
705 2212 860 2285 apud
898 2217 1185 2282 senatum,
1225 2211 1405 2268 verba
1437 2210 1709 2282 facerent,
1748 2210 1978 2266 circiter

193 2305 322 2362 dies
348 2322 438 2361 xi..
471 2306 683 2362 ibidem
715 2308 1114 2380 opperiuntur.

322 2399 486 2457 OIV.
574 2400 800 2458 Marius
828 2409 1152 2477 postquam,
1177 2401 1451 2473 confecto,
1482 2421 1598 2477 quo
1625 2401 1972 2473 intenderat,

193 2497 445 2571 negotiO,
498 2496 723 2554 Cirtam
765 2499 934 2568 redit,
984 2498 1056 2555 de
1102 2499 1361 2554 adventu
1403 2498 1727 2573 legatorum
1768 2499 1977 2556 certior

193 2593 403 2661 factus,
432 2573 677 2666 illosque
705 2599 764 2649 et
792 2592 1018 2649 Sullam
1060 2594 1133 2650 ab
1160 2593 1346 2667 Etica
1381 2595 1580 2650 venire
1613 2593 1803 2667 jubet,
1832 2595 1975 2650 item

194 2686 261 2743 L.
289 2685 620 2742 Bellienum
646 2694 969 2762 praetorem,
1002 2694 1280 2764 praeterea
1308 2697 1506 2746 omnes
1531 2689 1788 2765 undique
1815 2710 1973 2747 sena-
2038 2703 2051 2722 “

192 2782 338 2839 torii
389 2782 628 2850 ordiniS,
675 2784 1024 2858 quibuscum
1076 2786 1355 2842 mandata
1403 2786 1618 2843 Bocchi
1662 2789 1968 2863 cognoscit.

193 2877 432 2951 Legatis
457 2881 711 2952 potestas
739 2879 916 2935 eundi
945 2878 1198 2936 Romam
1225 2880 1295 2936 fit
1326 2882 1400 2937 ab
1435 2882 1668 2940 consule
1695 2904 1707 2940 :
1749 2884 1973 2941 interea

190 2972 442 3030 induciae
485 2972 946 3047 postulabantur.
1030 2975 1118 3031 Ea
1175 2975 1350 3033 Sullae
1397 2983 1458 3033 et
1511 2978 1800 3052 plerisque
1852 2980 1970 3053 pla-

191 3087 364 3125 cuere
389 3089 401 3125 :
444 3070 614 3144 pauci
641 3069 885 3126 ferocius
912 3070 1248 3143 decernunt,
1279 3072 1501 3128 scilicet
1541 3073 1730 3147 ignari
1768 3073 1971 3130 huma-

191 3182 404 3220 narum
432 3177 645 3232 rerum,
666 3183 812 3239 quae,
835 3164 1008 3221 fluxae
1026 3171 1087 3222 et
1103 3166 1360 3236 mobiles,
1390 3185 1615 3241 semper
1641 3168 1704 3224 in
1730 3168 1971 3226 adversa

190 3266 514 3317 mutantur.
584 3259 858 3317 Ceterum
885 3261 1100 3333 Mauri,
1131 3262 1459 3338 impetratis
1485 3263 1753 3320 omnibus
1778 3264 1966 3335 rebuS,

190 3361 314 3412 tres
368 3354 621 3413 Romam
672 3358 917 3433 profecti
971 3377 1106 3418 cum
1169 3357 1272 3415 Gn.
1337 3357 1581 3416 Octavio
1634 3358 1809 3434 Rufo,
1865 3362 1970 3444 qui
