2292 3692
351 238 427 298 36
783 197 874 296 SA
885 237 984 294 ιι
997 232 1228 295 USTJJ
1264 232 1360 295 CA
1371 232 1688 295 TJLJNA.

349 394 451 452 ubi
481 391 790 468 imperium
831 389 904 445 ad
940 389 1174 466 ignaros
1232 392 1337 445 aut
1373 386 1571 445 minus
1607 387 1792 447 bonos
1829 383 2113 462 pervenit,

349 490 569 545 novum
593 472 761 542 illud
769 482 1103 562 exemplum
1137 432 1215 539 ab
1249 481 1443 557 dignis
1472 487 1566 542 et
1572 462 1797 538 idoneis
1827 480 1903 536 ad
1937 479 2122 556 indig-

351 601 456 640 ιιοε
474 587 536 659 et
560 599 681 639 non
694 570 930 637 idoneos
949 561 1315 643 transfertur.
1371 559 1841 647 lacedaemonii,
1876 575 2119 633 devictis

351 651 826 746 AtheniensibuS,
868 662 1117 749 triginta
1134 667 1299 729 viros
1332 664 1672 760 imposuere,
1713 669 1819 746 qui
1851 669 2121 745 rempub-

350 772 523 830 licam
555 788 758 849 eorum
787 772 1124 825 tractarent.
1169 760 1300 823 Hi
1339 767 1535 849 primo
1553 754 1794 859 coepere
1793 765 2122 844 pessimum.

352 883 641 944 quemque
666 869 728 922 et
755 863 1025 922 omnibus
1047 863 1307 931 invisum
1335 862 1743 920 indemnatum
1766 881 2011 936 necare:
2050 881 2120 919 ea

351 959 600 1039 populus
637 959 827 1018 laetari
865 965 926 1041 et
956 961 1167 1017 merito
1193 944 1387 1018 dicere
1413 927 1621 1019 fien.
1641 958 1801 1030 Post,
1830 959 1935 1017 ubi
1959 960 2122 1035 paul-

354 1059 522 1117 latim
555 1057 795 1114 licentia
830 1030 1032 1127 crevit,
1046 1053 1238 1131 juxta
1269 1056 1450 1114 bonos
1481 1061 1543 1113 et
1576 1054 1759 1117 malos
1792 1038 2124 1113 lubidinose

356 1153 692 1229 interficere,
721 1157 940 1210 ceteros
966 1157 1128 1209 metu
1155 1157 1386 1209 terrere.
1463 1126 1564 1213 Ita
1583 1151 1805 1223 civitas,
1836 1128 2124 1208 sex-utute
2169 1178 2184 1183 -

355 1256 638 1330 oppressa,
666 1248 862 1307 stultae
901 1247 1120 1319 laetitiae
1161 1266 1365 1324 graves
1399 1266 1599 1329 poenas
1637 1248 1817 1306 dedit.
1902 1230 2134 1305 Nosti-a

356 1343 647 1415 memoria,
675 1343 863 1400 victor
891 1341 1055 1399 Sulla
1080 1345 1213 1401 cum
1242 1342 1665 1420 Damasippum
1679 1349 1741 1401 et
1765 1342 1910 1401 alios
1928 1334 2126 1417 hujus·
2191 1358 2200 1364 ·

356 1439 530 1511 modi,
573 1439 678 1514 qui
709 1438 863 1494 malo
902 1438 1234 1513 reipublicae
1277 1445 1595 1521 creverant,
1633 1433 1900 1516 jugulari
1925 1439 2121 1516 jussit}

355 1535 488 1612 quis
511 1553 634 1591 non
657 1533 878 1590 factum
904 1532 1030 1608 ejus
1055 1533 1370 1595 laudabat?
1410 1536 1673 1607 hommes
1704 1534 1985 1611 scelestos,
2012 1535 2128 1619 fag-

355 1637 549 1706 tiosoS,
611 1634 716 1711 qui
775 1632 1157 1691 seditionibus
1211 1610 1628 1709 rempublicam
1666 1630 2124 1729 exagitaverant,

312 1726 323 1735 '
356 1732 567 1789 merito
603 1734 838 1787 necatos
877 1728 1125 1787 aiebant.
1229 1727 1343 1786 Sed
1383 1748 1453 1786 ea
1490 1750 1583 1787 res
1621 1750 1846 1808 magnae
1887 1733 2129 1791 initium

357 1827 535 1885 cladis
587 1826 722 1883 fuit.
802 1823 993 1923 Nam,
1020 1824 1112 1881 uti
1151 1822 1397 1901 quisque
1435 1825 1691 1898 domum,
1745 1833 1851 1885 aut
1902 1828 2130 1900 villarm

357 1933 647 2005 postremo
688 1927 793 1981 aut
822 1941 942 1993 vas,
976 1927 1105 1979 aut
1116 1923 1537 2017 vestimentum
1579 1923 1825 1999 alicujus
1860 1927 2131 2002 concupi-

357 2032 541 2098 verat,·
581 2025 761 2083 dabat
815 2006 1077 2099 operam,·
1123 2021 1217 2078 uti
1273 2021 1339 2077 in
1397 2020 1849 2103 proscriptorum
1887 2042 2131 2082 numero

360 2128 522 2181 esset.
593 2121 708 2201 Ita,
737 2119 947 2194 quibus
973 2115 1316 2192 Damasippi
1340 2136 1497 2195 mors
1522 2117 1740 2175 laetitiae
1760 2118 1966 2190 fuerat,
1995 2125 2131 2194 post

358 2218 556 2295 paullo
594 2215 710 2305 ipsi
739 2213 1163 2295 trahebantur:
1220 2232 1411 2289 neque
1449 2214 1613 2289 prius
1650 2214 1785 2271 finis
1816 2215 2134 2291 jugulandi

360 2313 492 2383 fuit,
522 2329 699 2386 quam
727 2286 1114 2365 Sullaomnes
1145 2327 1280 2365 suos
1314 2309 1539 2382 divitiis
1565 2308 1840 2385 expleyit.
1924 2310 2134 2387 Atque

363 2426 468 2483 ego
506 2407 628 2463 haec
658 2395 825 2485 'nona
858 2403 924 2460 in
973 2402 1058 2461 M.
1104 2404 1315 2475 Tullio,
1369 2423 1560 2480 neque
1611 2403 1704 2462 his
1748 2404 2130 2486 temffloribuS,

362 2520 567 2589 vei-Q·
591 2521 603 2558 ι
644 2499 742 2557 sed
777 2499 841 2556 in
882 2518 1097 2577 magna
1126 2500 1366 2557 civitate
1400 2499 1589 2577 multa
1624 2505 1685 2557 et
1708 2486 1873 2565 varia
1896 2500 2137 2576 ingenia

365 2602 519 2654 sunt.
603 2593 823 2673 Potest,
853 2596 970 2653 alio
995 2603 1273 2671 tempore,
1305 2595 1419 2652 alio
1446 2595 1693 2668 consule,
1734 2597 1830 2653 cui
1864 2598 2009 2655 item
2037 2616 2140 2654 ex-

366 2692 579 2749 ercitus
604 2690 671 2747 in
694 2709 872 2747 manu
898 2691 993 2763 sit,
1022 2682 1233 2747 farsum
1260 2689 1614 2767 aliquid-pro
1639 2710 1777 2748 vero
1804 2692 1959 2749 credi
1971 2712 1990 2764 3
2030 2692 2139 2750 ubi

365 2787 475 2844 hoc
532 2785 816 2861 exemplo,
872 2806 978 2862 per
992 2783 1005 2792 ⁴
1035 2787 1226 2844 senati
1279 2785 1594 2865 decretum,
1637 2778 1857 2849 eonsul‘
1874 2788 2140 2864 gladium

366 2880 654 2951 eduxerit,
709 2882 840 2958 quis
882 2882 1059 2949 finem
1101 2887 1340 2953 statuet,
1380 2887 1486 2939 aut
1524 2882 1657 2958 quis
1696 2884 2138 2942 moderabitur?

366 2975 620 3052 Majores
645 2976 847 3047 nostri,
878 2975 1084 3033 Patres
1104 2976 1433 3051 conscripti,
1461 2995 1651 3052 neque
1677 2978 1919 3050 consilii,
1947 2998 2143 3056 neque

367 3071 621 3129 audaciae
648 3090 905 3146 unquam
926 3090 1161 3146 eguere.
1197 3090 1387 3148 neque
1411 3072 1530 3129 illis
1555 3073 1825 3157 superbia
1851 3073 2254 3182 obstabat,vs

368 3186 485 3244 quo
509 3167 705 3224 minus
730 3165 922 3223 aliena
946 3165 1241 3236 instituta,
1262 3185 1322 3223 ει
1340 3167 1510 3223 modo
1520 3167 1712 3257 proba
1736 3172 1920 3240 erant,
1943 3168 2142 3224 imita-

369 3267 589 3320 rentur.
672 3260 866 3317 Arma
918 3265 1096 3335 atque
1149 3262 1271 3319 tela
1319 3262 1604 3321 :militaria
1642 3250 1715 3320 ab
1755 3262 2141 3336 Samnitibus,

361 3356 620 3454 ,insignia
644 3355 1092 3431 magistratuum
1118 3356 1193 3412 ab
1218 3356 1430 3431 Tuscis
1463 3357 1736 3433 pleraque
1766 3362 2142 3415 sumserunt.

2245 2274 2273 2549 ι

2267 2754 2273 3013 1

2270 3018 2272 3153 1
