2292 3692
341 231 417 315 2'2
736 254 931 313 SALL
945 254 1173 312 USTJJ
1219 254 1389 313 απτ*
1399 251 1697 313 ΠΒΤΗΑ.

334 408 399 467 in
438 410 704 467 Africam
743 410 991 485 majores
1030 415 1196 480 natu,
1238 410 1476 478 nobiles,
1516 411 1725 486 amplis
1757 410 2117 482 honoribus}

333 507 403 562 in
431 507 594 582 queis
623 505 708 562 M.
741 505 1003 577 Scaurus,
1037 507 1108 562 de
1135 524 1252 582 quo
1280 527 1454 582 supra
1479 508 1946 578 memoravimus,
1979 525 2123 565 σου(

334 602 558 673 sularis,
591 606 651 658 et
676 608 820 658 tune
859 602 925 658 in
966 610 1173 659 senatu
1213 604 1495 679 princeps.
1578 603 1684 674 Hi,
1729 605 1887 679 quod
1920 606 1987 661 in
2025 605 2125 661 ina

331 697 491 755 vidia
526 716 617 753 res
654 702 794 769 erat,
829 697 1012 772 simul,
1043 703 1105 755 et
1137 698 1213 754 ab
1244 697 1525 755 Numidis
1556 699 1856 766 obsecrati,
1898 701 2114 758 triduo

334 793 534 849 navim
561 794 895 851 ascendere:
927 794 1134 852 deinde
1153 794 1320 851 brevi
1339 795 1581 853 Uticam
1608 797 1855 872 adpulsi,
1876 796 2125 855 litteras*

331 889 406 945 ad
431 887 476 945 J
475 888 793 965 ugurtham
819 890 1085 957 mittunt,
1114 906 1286 957 QUAM
1312 907 1579 948 omssmn
1616 907 1699 948 An
1726 907 2115 950 Pnovmoun

330 1001 599 1042 Aconum·
612 1001 629 1057 ;
673 1001 860 1053 sEth
892 1000 977 1041 An
1017 1002 1146 1042 EUM
1179 1003 1261 1042 AB
1286 1002 1517 1044 SENATU
1552 1004 1771 1045 mssos.
1857 987 1974 1045 Ille
2002 989 2110 1046 ubi

328 1081 566 1156 accepit,
606 1080 868 1146 homines
909 1082 1103 1154 clm-OS,
1147 1102 1397 1157 quorum
1439 1084 1848 1141 auctoritatem
1891 1084 2123 1141 Romae³

330 1177 545 1251 pollere
572 1178 890 1249 audiverat,
922 1186 1124 1236 contra
1154 1181 1452 1255 inceptum
1489 1200 1659 1237 suum
1684 1180 1910 1237 venisse
1929 1194 1950 1252 ς
1989 1183 2120 1257 pri-⁴

331 1293 425 1330 mo
467 1281 800 1347 commotus,
840 1281 1002 1333 metu·
1037 1282 1214 1351 atque
1249 1277 1509 1333 lubidine
1548 1277 1809 1333 diversus
1847 1276 2109 1352 agitaba—

327 1378 442 1427 tur.
526 1371 796 1427 Timebat
825 1373 971 1428 iram
998 1374 1200 1443 senati,
1230 1373 1295 1429 ni
1329 1373 1614 1448 paruisset
1645 1372 1851 1447 legatis
1875 1387 1888 1428 t
1925 1383 2109 1447 porro

330 1466 557 1523 animus
596 1466 867 1542 cupidine
910 1486 1090 1524 oaecus
1130 1467 1207 1523 ad
1248 1468 1546 1544 inceptum
1592 1467 1774 1525 scelus
1816 1467 2102 1542 rapiebat.

327 1561 492 1617 Vicit
518 1568 717 1619 tamen
741 1564 807 1618 in
834 1564 1004 1620 avido
1035 1563 1269 1640 ingenio
1299 1583 1544 1639 pravum
1577 1563 1896 1622 consilium.
1980 1563 2107 1638 Igi-

328 1665 443 1729 tur,
474 1660 735 1715 exercitu
767 1649 1135 1731 circumdatO,
1173 1678 1401 1716 summa
1429 1660 1494 1716 vi
1521 1658 1743 1716 Cirtam
1775 1659 2113 1733 irrumpere*

326 1755 553 1827 nititur,
594 1755 846 1812 maxime
886 1774 1135 1830 sperans,
1181 1754 1420 1811 diducta
1457 1772 1635 1810 manu
1675 1753 1949 1824 hostium,-
1990 1760 2105 1809 aut

325 1850 402 1918 vi,
432 1856 536 1908 aut
572 1851 735 1923 dolis,
767 1870 889 1909 sese
920 1870 1132 1907 casum·
1147 1851 1405 1906 vietoriae
1442 1850 1835 1905 inventurum.
1923 1848 2103 1916 Quod

323 1946 428 2002 ubi
472 1958 633 2003 secus
679 1947 954 2021 procedit,
1004 1964 1208 2021 neque,
1265 1945 1422 2021 quod
1473 1945 1820 2015 intenderat,
1873 1944 2105 2001 efficere

323 2049 527 2117 potest,
559 2042 651 2100 uti
685 2046 862 2120 prius,
893 2063 1068 2119 quam
1099 2043 1318 2118 legatos
1353 2042 1703 2113 conveniret,
1735 2040 2100 2097 Adherbalis

323 2139 611 2213 potiretur
634 2159 647 2195 z
684 2158 756 2194 ne
783 2123 1032 2214 amplius
1058 2138 1352 2208 morando,
1382 2137 1681 2208 Soaurum,
1712 2154 1888 2211 quem
1914 2134 2105 2210 pluri-t

324 2253 485 2290 mum
524 2235 834 2306 metuebat,
885 2236 1236 2301 incenderet,
1278 2253 1411 2291 cum
1457 2234 1655 2309 paucis
1697 2232 1993 2308 equitibus
2029 2234 2101 2289 in

321 2330 679 2404 provinciam
707 2332 887 2388 venit.
968 2331 1080 2402 Ao,
1113 2336 1311 2387 tamen
1337 2329 1448 2386 etsi
1479 2328 1667 2385 senati
1692 2326 1886 2385 verbis
1917 2327 2099 2384 minae

320 2426 523 2499 graves
568 2426 1011 2498 nunciabantur,
1068 2427 1226 2501 quod
1279 2423 1709 2499 oppugnatione
1752 2440 1875 2478 non
1920 2422 2101 2479 desis-

319 2527 485 2592 teret,
524 2522 710 2578 multa
750 2528 948 2579 tamen
984 2522 1246 2579 oratione
1283 2524 1601 2591 consumta,
1653 2520 1834 2595 legati
1874 2518 2101 2576 frustra

298 2615 642 2674 ·‹lise‘essere.⁴

435 2709 684 2771 XXVI.
766 2713 857 2772 Ea
890 2720 1197 2790 postquam
1232 2713 1409 2771 Oirtae
1445 2712 1648 2769 audita
1682 2717 1838 2782 sunt,
1872 2710 2097 2782 Italici,

318 2826 564 2882 quorum
611 2810 834 2866 virtute
880 2811 1093 2867 moenia
1139 2809 1605 2879 defensabantur,
1663 2807 1878 2879 confisi,
1934 2809 2095 2865 dedi-

318 2902 476 2959 tione
510 2903 675 2976 facta,
708 2912 946 2980 propter
978 2905 1444 2980 magnitudinem
1479 2903 1684 2979 populi
1715 2903 1977 2967 Romani
2006 2904 2097 2960 in:

318 2995 564 3055 violatos
616 3016 737 3056 sese
782 3000 921 3072 fore,
970 2999 1300 3057 Adherbali
1343 2998 1606 3068 suadent,
1657 2997 1749 3054 uti
1793 3013 1987 3072 seque,
2032 3004 2095 3055 et

319 3089 593 3167 oppidum
619 3093 931 3169 Jugurbhae
962 3095 1160 3152 tradat
1169 3115 1188 3168 3
1224 3099 1459 3150 tantum
1490 3094 1566 3151 ab
1597 3112 1664 3151 eo
1690 3094 1878 3149 vitam
1908 3093 2093 3169 pacis·

318 3194 483 3245 catur
493 3209 511 3261 3
554 3189 626 3246 de
665 3189 869 3246 ceteris
900 3191 1132 3247 senatui
1163 3209 1314 3247 ourae
1349 3191 1487 3248 fore.
1569 3190 1663 3247 At
1695 3189 1813 3262 ille,
1853 3191 2093 3248 tametsi

320 3283 513 3339 omnia
536 3285 764 3358 potiora
788 3285 904 3341 fide
934 3285 1246 3360 Jugurthae
1278 3287 1553 3359 rebatur3
1596 3287 1735 3361 quia
1769 3305 1948 3361 penes
1974 3305 2095 3343 eos*

321 3377 467 3452 dem,
516 3381 567 3436 si
611 3382 1029 3455 adversaretur,
1071 3384 1315 3459 cogendi
1348 3388 1603 3460 potestas
1646 3389 1786 3455 erat,
1841 3384 1946 3456 ita,
1995 3383 2089 3440 uti
