<?xml version="1.0" encoding="UTF-8"?>
<!DOCTYPE html PUBLIC "-//W3C//DTD XHTML 1.0 Transitional//EN"
    "http://www.w3.org/TR/xhtml1/DTD/xhtml1-transitional.dtd">
<html xmlns="http://www.w3.org/1999/xhtml" xml:lang="en" lang="en">
 <head>
  <title>
</title>
<meta http-equiv="Content-Type" content="text/html;charset=utf-8" />
  <meta name='ocr-system' content='tesseract 3.04.00' />
  <meta name='ocr-capabilities' content='ocr_page ocr_carea ocr_par ocr_line ocrx_word'/>
</head>
<body>
  <div class='ocr_page' id='page_1' title='image "./caiisallustiicr01merigoog_0255.png"; bbox 0 0 2292 3692; ppageno 0'>
   <div class='ocr_carea' id='block_1_1' title="bbox 570 241 1939 303">
    <p class='ocr_par' dir='ltr' id='par_1_1' title="bbox 570 241 1939 303">
     <span class='ocr_line' id='line_1_1' title="bbox 570 241 1939 303; baseline -0.001 -1"><span class='ocrx_word' id='word_1_1' title='bbox 570 242 778 302; x_wconf 79' lang='lat' dir='ltr'><em>SALL</em></span> <span class='ocrx_word' id='word_1_2' title='bbox 792 241 1018 301; x_wconf 81' lang='lat' dir='ltr'><em>USTII</em></span> <span class='ocrx_word' id='word_1_3' title='bbox 1065 241 1538 303; x_wconf 75' lang='lat' dir='ltr'><strong><em>JUGURTHA.</em></strong></span> <span class='ocrx_word' id='word_1_4' title='bbox 1870 246 1939 302; x_wconf 88' lang='lat'>91</span> 
     </span>
    </p>
   </div>
   <div class='ocr_carea' id='block_1_2' title="bbox 159 393 2175 3449">
    <p class='ocr_par' dir='ltr' id='par_1_2' title="bbox 163 393 1946 1336">
     <span class='ocr_line' id='line_1_2' title="bbox 171 393 1942 471; baseline 0.001 -20"><span class='ocrx_word' id='word_1_5' title='bbox 171 395 607 471; x_wconf 80' lang='lat' dir='ltr'><strong>sponderentur.</strong></span> <span class='ocrx_word' id='word_1_6' title='bbox 707 394 1044 469; x_wconf 86' lang='lat' dir='ltr'>Postquam,</span> <span class='ocrx_word' id='word_1_7' title='bbox 1096 393 1271 450; x_wconf 86' lang='lat' dir='ltr'>sicuti</span> <span class='ocrx_word' id='word_1_8' title='bbox 1309 395 1587 464; x_wconf 83' lang='lat' dir='ltr'>voluerat,</span> <span class='ocrx_word' id='word_1_9' title='bbox 1641 399 1942 471; x_wconf 81' lang='lat' dir='ltr'>congressi,</span> 
     </span>
     <span class='ocr_line' id='line_1_3' title="bbox 169 490 1942 566; baseline 0.001 -17"><span class='ocrx_word' id='word_1_10' title='bbox 169 492 333 564; x_wconf 91' lang='lat' dir='ltr'>dicit,</span> <span class='ocrx_word' id='word_1_11' title='bbox 380 496 416 524; x_wconf 90' lang='lat'><strong>“</strong></span> <span class='ocrx_word' id='word_1_12' title='bbox 432 509 493 547; x_wconf 86' lang='lat' dir='ltr'>se</span> <span class='ocrx_word' id='word_1_13' title='bbox 527 492 766 547; x_wconf 91' lang='lat' dir='ltr'>missum</span> <span class='ocrx_word' id='word_1_14' title='bbox 807 509 843 545; x_wconf 85' lang='lat' dir='ltr'>a</span> <span class='ocrx_word' id='word_1_15' title='bbox 878 490 1111 547; x_wconf 86' lang='lat' dir='ltr'>consule</span> <span class='ocrx_word' id='word_1_16' title='bbox 1140 491 1369 547; x_wconf 79' lang='lat' dir='ltr'>venisse</span> <span class='ocrx_word' id='word_1_17' title='bbox 1403 491 1712 566; x_wconf 68' lang='lat' dir='ltr'>quaesitum</span> <span class='ocrx_word' id='word_1_18' title='bbox 1748 493 1824 549; x_wconf 89' lang='lat' dir='ltr'>ab</span> <span class='ocrx_word' id='word_1_19' title='bbox 1859 512 1942 564; x_wconf 88' lang='lat' dir='ltr'>ec,</span> 
     </span>
     <span class='ocr_line' id='line_1_4' title="bbox 168 586 1946 662; baseline 0.002 -19"><span class='ocrx_word' id='word_1_20' title='bbox 168 606 386 662; x_wconf 84' lang='lat' dir='ltr'>pacem,</span> <span class='ocrx_word' id='word_1_21' title='bbox 430 605 507 643; x_wconf 82' lang='lat' dir='ltr'>an</span> <span class='ocrx_word' id='word_1_22' title='bbox 546 586 785 657; x_wconf 90' lang='lat' dir='ltr'>bellum,</span> <span class='ocrx_word' id='word_1_23' title='bbox 827 587 1156 661; x_wconf 74' lang='lat' dir='ltr'><strong>agitaturus</strong></span> <span class='ocrx_word' id='word_1_24' title='bbox 1204 586 1404 644; x_wconf 85' lang='lat' dir='ltr'>foret.’&#39;</span> <span class='ocrx_word' id='word_1_25' title='bbox 1499 587 1648 644; x_wconf 82' lang='lat' dir='ltr'>Tum</span> <span class='ocrx_word' id='word_1_26' title='bbox 1690 607 1811 660; x_wconf 87' lang='lat' dir='ltr'>rex,</span> <span class='ocrx_word' id='word_1_27' title='bbox 1855 592 1946 647; x_wconf 89' lang='lat' dir='ltr'>uti</span> 
     </span>
     <span class='ocr_line' id='line_1_5' title="bbox 166 681 1940 759; baseline 0.001 -19"><span class='ocrx_word' id='word_1_28' title='bbox 166 688 523 759; x_wconf 73' lang='lat' dir='ltr'>praeceptum</span> <span class='ocrx_word' id='word_1_29' title='bbox 539 683 747 753; x_wconf 83' lang='lat' dir='ltr'>fuerat,</span> <span class='ocrx_word' id='word_1_30' title='bbox 769 689 900 757; x_wconf 90' lang='lat' dir='ltr'>post</span> <span class='ocrx_word' id='word_1_31' title='bbox 920 681 1073 737; x_wconf 90' lang='lat' dir='ltr'>diem</span> <span class='ocrx_word' id='word_1_32' title='bbox 1095 683 1383 739; x_wconf 88' lang='lat' dir='ltr'>decimum</span> <span class='ocrx_word' id='word_1_33' title='bbox 1401 683 1591 740; x_wconf 89' lang='lat' dir='ltr'>redire</span> <span class='ocrx_word' id='word_1_34' title='bbox 1608 684 1779 758; x_wconf 90' lang='lat' dir='ltr'>jubet</span> <span class='ocrx_word' id='word_1_35' title='bbox 1798 705 1816 757; x_wconf 99' lang='lat'>3</span> <span class='ocrx_word' id='word_1_36' title='bbox 1859 704 1940 756; x_wconf 84' lang='lat' dir='ltr'>ac,</span> 
     </span>
     <span class='ocr_line' id='line_1_6' title="bbox 165 777 1943 856; baseline 0.002 -22"><span class='ocrx_word' id='word_1_37' title='bbox 165 777 320 834; x_wconf 88' lang='lat' dir='ltr'>nihil</span> <span class='ocrx_word' id='word_1_38' title='bbox 353 780 533 835; x_wconf 85' lang='lat' dir='ltr'>etiam</span> <span class='ocrx_word' id='word_1_39' title='bbox 564 797 722 835; x_wconf 89' lang='lat' dir='ltr'>nunc</span> <span class='ocrx_word' id='word_1_40' title='bbox 750 778 1080 848; x_wconf 85' lang='lat' dir='ltr'>decrevisse,</span> <span class='ocrx_word' id='word_1_41' title='bbox 1111 779 1212 835; x_wconf 87' lang='lat' dir='ltr'>sed</span> <span class='ocrx_word' id='word_1_42' title='bbox 1237 779 1341 836; x_wconf 92' lang='lat' dir='ltr'>illo</span> <span class='ocrx_word' id='word_1_43' title='bbox 1367 780 1461 836; x_wconf 90' lang='lat' dir='ltr'>die</span> <span class='ocrx_word' id='word_1_44' title='bbox 1495 799 1903 856; x_wconf 83' lang='lat' dir='ltr'>responsurum</span> <span class='ocrx_word' id='word_1_45' title='bbox 1930 802 1943 839; x_wconf 91' lang='lat'>:</span> 
     </span>
     <span class='ocr_line' id='line_1_7' title="bbox 167 874 1945 953; baseline 0.002 -22"><span class='ocrx_word' id='word_1_46' title='bbox 167 874 379 932; x_wconf 89' lang='lat' dir='ltr'>deinde</span> <span class='ocrx_word' id='word_1_47' title='bbox 405 876 575 932; x_wconf 87' lang='lat' dir='ltr'>ambo</span> <span class='ocrx_word' id='word_1_48' title='bbox 600 876 666 931; x_wconf 92' lang='lat' dir='ltr'>in</span> <span class='ocrx_word' id='word_1_49' title='bbox 692 895 797 932; x_wconf 88' lang='lat' dir='ltr'>sua</span> <span class='ocrx_word' id='word_1_50' title='bbox 823 883 1011 932; x_wconf 85' lang='lat' dir='ltr'>castra</span> <span class='ocrx_word' id='word_1_51' title='bbox 1038 876 1299 951; x_wconf 79' lang='lat' dir='ltr'>digressi.</span> <span class='ocrx_word' id='word_1_52' title='bbox 1383 877 1511 949; x_wconf 85' lang='lat' dir='ltr'>Sed,</span> <span class='ocrx_word' id='word_1_53' title='bbox 1559 878 1664 934; x_wconf 87' lang='lat' dir='ltr'>ubi</span> <span class='ocrx_word' id='word_1_54' title='bbox 1695 878 1945 953; x_wconf 88' lang='lat' dir='ltr'>plerum-</span> 
     </span>
     <span class='ocr_line' id='line_1_8' title="bbox 165 971 1940 1049; baseline 0.001 -20"><span class='ocrx_word' id='word_1_55' title='bbox 165 992 281 1049; x_wconf 86' lang='lat' dir='ltr'>que</span> <span class='ocrx_word' id='word_1_56' title='bbox 308 973 497 1029; x_wconf 86' lang='lat' dir='ltr'>noctis</span> <span class='ocrx_word' id='word_1_57' title='bbox 524 973 814 1048; x_wconf 85' lang='lat' dir='ltr'>processit,</span> <span class='ocrx_word' id='word_1_58' title='bbox 840 971 1004 1028; x_wconf 83' lang='lat' dir='ltr'>Sulla</span> <span class='ocrx_word' id='word_1_59' title='bbox 1030 992 1068 1028; x_wconf 89' lang='lat' dir='ltr'>a</span> <span class='ocrx_word' id='word_1_60' title='bbox 1093 972 1322 1029; x_wconf 90' lang='lat' dir='ltr'>Boccho</span> <span class='ocrx_word' id='word_1_61' title='bbox 1350 974 1574 1030; x_wconf 77' lang='lat' dir='ltr'>occulte</span> <span class='ocrx_word' id='word_1_62' title='bbox 1600 975 1940 1032; x_wconf 78' lang='lat' dir='ltr'>accersitur:</span> 
     </span>
     <span class='ocr_line' id='line_1_9' title="bbox 165 1068 1940 1144; baseline 0.002 -20"><span class='ocrx_word' id='word_1_63' title='bbox 165 1069 248 1124; x_wconf 88' lang='lat' dir='ltr'>ab</span> <span class='ocrx_word' id='word_1_64' title='bbox 278 1074 530 1144; x_wconf 86' lang='lat' dir='ltr'>utroque</span> <span class='ocrx_word' id='word_1_65' title='bbox 570 1068 977 1125; x_wconf 85' lang='lat' dir='ltr'>tantummodo</span> <span class='ocrx_word' id='word_1_66' title='bbox 1013 1068 1116 1124; x_wconf 89' lang='lat' dir='ltr'>fidi</span> <span class='ocrx_word' id='word_1_67' title='bbox 1156 1069 1503 1144; x_wconf 76' lang='lat' dir='ltr'>interpretes</span> <span class='ocrx_word' id='word_1_68' title='bbox 1550 1070 1940 1128; x_wconf 82' lang='lat' dir='ltr'>adhibentur:</span> 
     </span>
     <span class='ocr_line' id='line_1_10' title="bbox 163 1164 1943 1240; baseline 0.002 -20"><span class='ocrx_word' id='word_1_69' title='bbox 163 1172 445 1240; x_wconf 70' lang='lat' dir='ltr'>praeterea</span> <span class='ocrx_word' id='word_1_70' title='bbox 473 1164 672 1221; x_wconf 85' lang='lat' dir='ltr'>Dabar</span> <span class='ocrx_word' id='word_1_71' title='bbox 696 1164 1115 1233; x_wconf 86' lang='lat' dir='ltr'>internuncius,</span> <span class='ocrx_word' id='word_1_72' title='bbox 1135 1173 1371 1220; x_wconf 84' lang='lat' dir='ltr'>sanctus</span> <span class='ocrx_word' id='word_1_73' title='bbox 1395 1166 1504 1235; x_wconf 85' lang='lat' dir='ltr'>vir,</span> <span class='ocrx_word' id='word_1_74' title='bbox 1536 1172 1595 1222; x_wconf 91' lang='lat' dir='ltr'>et</span> <span class='ocrx_word' id='word_1_75' title='bbox 1615 1185 1690 1222; x_wconf 87' lang='lat' dir='ltr'>ex</span> <span class='ocrx_word' id='word_1_76' title='bbox 1715 1174 1943 1223; x_wconf 88' lang='lat' dir='ltr'>senten-</span> 
     </span>
     <span class='ocr_line' id='line_1_11' title="bbox 164 1258 1500 1336; baseline 0.001 -20"><span class='ocrx_word' id='word_1_77' title='bbox 164 1261 252 1316; x_wconf 82' lang='lat' dir='ltr'>tia</span> <span class='ocrx_word' id='word_1_78' title='bbox 278 1261 574 1316; x_wconf 80' lang='lat' dir='ltr'>ambobus,</span> <span class='ocrx_word' id='word_1_79' title='bbox 658 1258 754 1315; x_wconf 87' lang='lat' dir='ltr'>Ac</span> <span class='ocrx_word' id='word_1_80' title='bbox 780 1260 983 1315; x_wconf 86' lang='lat' dir='ltr'>statim</span> <span class='ocrx_word' id='word_1_81' title='bbox 1011 1260 1092 1315; x_wconf 88' lang='lat' dir='ltr'>sic</span> <span class='ocrx_word' id='word_1_82' title='bbox 1117 1279 1224 1315; x_wconf 84' lang='lat' dir='ltr'>rex</span> <span class='ocrx_word' id='word_1_83' title='bbox 1250 1260 1460 1336; x_wconf 85' lang='lat' dir='ltr'>incipit</span> <span class='ocrx_word' id='word_1_84' title='bbox 1486 1282 1500 1318; x_wconf 73' lang='grc' dir='ltr'>ι</span> 
     </span>
    </p>

    <p class='ocr_par' dir='ltr' id='par_1_3' title="bbox 159 1343 2175 3449">
     <span class='ocr_line' id='line_1_12' title="bbox 288 1343 1942 1431; baseline 0.002 -21"><span class='ocrx_word' id='word_1_85' title='bbox 288 1354 417 1413; x_wconf 82' lang='grc' dir='ltr'>ΟΧ.</span> <span class='ocrx_word' id='word_1_86' title='bbox 506 1359 542 1388; x_wconf 82' lang='grc'><strong>“</strong></span> <span class='ocrx_word' id='word_1_87' title='bbox 562 1343 928 1430; x_wconf 53' lang='grc' dir='ltr'>Νυαιᾳιιαω’</span> <span class='ocrx_word' id='word_1_88' title='bbox 960 1374 1065 1430; x_wconf 87' lang='lat' dir='ltr'>ego</span> <span class='ocrx_word' id='word_1_89' title='bbox 1119 1360 1282 1410; x_wconf 87' lang='lat' dir='ltr'>ratus</span> <span class='ocrx_word' id='word_1_90' title='bbox 1337 1374 1467 1412; x_wconf 89' lang='lat' dir='ltr'>sum</span> <span class='ocrx_word' id='word_1_91' title='bbox 1506 1357 1645 1429; x_wconf 86' lang='lat' dir='ltr'>fore,</span> <span class='ocrx_word' id='word_1_92' title='bbox 1705 1357 1796 1414; x_wconf 88' lang='lat' dir='ltr'>uti</span> <span class='ocrx_word' id='word_1_93' title='bbox 1836 1376 1942 1431; x_wconf 85' lang='lat' dir='ltr'>rex</span> 
     </span>
     <span class='ocr_line' id='line_1_13' title="bbox 163 1449 2096 1527; baseline 0.001 -21"><span class='ocrx_word' id='word_1_94' title='bbox 163 1450 460 1507; x_wconf 82' lang='lat' dir='ltr'>maximus</span> <span class='ocrx_word' id='word_1_95' title='bbox 498 1449 562 1506; x_wconf 92' lang='lat' dir='ltr'>in</span> <span class='ocrx_word' id='word_1_96' title='bbox 602 1449 711 1507; x_wconf 87' lang='lat' dir='ltr'>hac</span> <span class='ocrx_word' id='word_1_97' title='bbox 745 1455 918 1520; x_wconf 86' lang='lat' dir='ltr'>terra,</span> <span class='ocrx_word' id='word_1_98' title='bbox 958 1458 1019 1506; x_wconf 93' lang='lat' dir='ltr'>et</span> <span class='ocrx_word' id='word_1_99' title='bbox 1052 1450 1328 1522; x_wconf 89' lang='lat' dir='ltr'>omnium,</span> <span class='ocrx_word' id='word_1_100' title='bbox 1359 1469 1504 1526; x_wconf 83' lang='lat' dir='ltr'>quos</span> <span class='ocrx_word' id='word_1_101' title='bbox 1528 1453 1683 1522; x_wconf 85' lang='lat' dir='ltr'>novi,</span> <span class='ocrx_word' id='word_1_102' title='bbox 1704 1452 1942 1527; x_wconf 80' lang='lat' dir='ltr'>&#39;privato</span> <span class='ocrx_word' id='word_1_103' title='bbox 2052 1493 2096 1524; x_wconf 64' lang='lat'>-3</span> 
     </span>
     <span class='ocr_line' id='line_1_14' title="bbox 164 1544 1942 1622; baseline 0.002 -21"><span class='ocrx_word' id='word_1_104' title='bbox 164 1546 392 1602; x_wconf 91' lang='lat' dir='ltr'>homini</span> <span class='ocrx_word' id='word_1_105' title='bbox 431 1545 677 1620; x_wconf 85' lang='lat' dir='ltr'>gratiam</span> <span class='ocrx_word' id='word_1_106' title='bbox 720 1544 1005 1601; x_wconf 88' lang='lat' dir='ltr'>deberem.</span> <span class='ocrx_word' id='word_1_107' title='bbox 1089 1544 1172 1600; x_wconf 88' lang='lat' dir='ltr'>Et</span> <span class='ocrx_word' id='word_1_108' title='bbox 1213 1545 1422 1622; x_wconf 84' lang='lat' dir='ltr'>hercle,</span> <span class='ocrx_word' id='word_1_109' title='bbox 1473 1545 1651 1618; x_wconf 82' lang='lat' dir='ltr'>Sulla,</span> <span class='ocrx_word' id='word_1_110' title='bbox 1700 1555 1838 1605; x_wconf 89' lang='lat' dir='ltr'>ante</span> <span class='ocrx_word' id='word_1_111' title='bbox 1880 1556 1942 1605; x_wconf 86' lang='lat' dir='ltr'>te</span> 
     </span>
     <span class='ocr_line' id='line_1_15' title="bbox 163 1640 1940 1718; baseline 0.001 -21"><span class='ocrx_word' id='word_1_112' title='bbox 163 1642 484 1716; x_wconf 86' lang='lat' dir='ltr'>cognitum,</span> <span class='ocrx_word' id='word_1_113' title='bbox 524 1640 726 1697; x_wconf 88' lang='lat' dir='ltr'>multis</span> <span class='ocrx_word' id='word_1_114' title='bbox 762 1640 1077 1712; x_wconf 74' lang='lat' dir='ltr'>orantibuS‚</span> <span class='ocrx_word' id='word_1_115' title='bbox 1127 1640 1261 1697; x_wconf 80' lang='lat' dir='ltr'>aliis</span> <span class='ocrx_word' id='word_1_116' title='bbox 1306 1643 1465 1698; x_wconf 90' lang='lat' dir='ltr'>ultro</span> <span class='ocrx_word' id='word_1_117' title='bbox 1504 1650 1734 1718; x_wconf 84' lang='lat' dir='ltr'>egomet</span> <span class='ocrx_word' id='word_1_118' title='bbox 1772 1661 1940 1718; x_wconf 92' lang='lat' dir='ltr'>opem</span> 
     </span>
     <span class='ocr_line' id='line_1_16' title="bbox 164 1739 1941 1817; baseline 0.001 -21"><span class='ocrx_word' id='word_1_119' title='bbox 164 1739 300 1811; x_wconf 81' lang='lat' dir='ltr'>tuli,</span> <span class='ocrx_word' id='word_1_120' title='bbox 344 1739 565 1797; x_wconf 86' lang='lat' dir='ltr'>nullius</span> <span class='ocrx_word' id='word_1_121' title='bbox 600 1740 843 1815; x_wconf 83' lang='lat' dir='ltr'>indigui.</span> <span class='ocrx_word' id='word_1_122' title='bbox 929 1739 1006 1795; x_wconf 93' lang='lat' dir='ltr'>Id</span> <span class='ocrx_word' id='word_1_123' title='bbox 1030 1739 1426 1813; x_wconf 89' lang='lat' dir='ltr'>imminutum,</span> <span class='ocrx_word' id='word_1_124' title='bbox 1457 1743 1611 1817; x_wconf 90' lang='lat' dir='ltr'>quod</span> <span class='ocrx_word' id='word_1_125' title='bbox 1639 1743 1817 1800; x_wconf 86' lang='lat' dir='ltr'>ceteri</span> <span class='ocrx_word' id='word_1_126' title='bbox 1842 1743 1941 1799; x_wconf 86' lang='lat' dir='ltr'>do-</span> 
     </span>
     <span class='ocr_line' id='line_1_17' title="bbox 160 1834 1997 1916; baseline 0.001 -24"><span class='ocrx_word' id='word_1_127' title='bbox 160 1837 284 1893; x_wconf 90' lang='lat' dir='ltr'>lere</span> <span class='ocrx_word' id='word_1_128' title='bbox 322 1835 523 1906; x_wconf 87' lang='lat' dir='ltr'>solent,</span> <span class='ocrx_word' id='word_1_129' title='bbox 566 1852 670 1910; x_wconf 88' lang='lat' dir='ltr'>ego</span> <span class='ocrx_word' id='word_1_130' title='bbox 707 1835 873 1892; x_wconf 86' lang='lat' dir='ltr'>laetor</span> <span class='ocrx_word' id='word_1_131' title='bbox 888 1856 906 1908; x_wconf 92' lang='lat'>3</span> <span class='ocrx_word' id='word_1_132' title='bbox 952 1835 1132 1891; x_wconf 81' lang='lat' dir='ltr'>fuerit</span> <span class='ocrx_word' id='word_1_133' title='bbox 1174 1836 1321 1891; x_wconf 91' lang='lat' dir='ltr'>mihi</span> <span class='ocrx_word' id='word_1_134' title='bbox 1374 1834 1675 1916; x_wconf 90' lang='lat' dir='ltr'>[pretium]</span> <span class='ocrx_word' id='word_1_135' title='bbox 1719 1840 1941 1914; x_wconf 88' lang='lat' dir='ltr'>eguisse</span> <span class='ocrx_word' id='word_1_136' title='bbox 1986 1899 1997 1908; x_wconf 67' lang='lat'>„</span> 
     </span>
     <span class='ocr_line' id='line_1_18' title="bbox 162 1913 2175 2016; baseline 0 -27"><span class='ocrx_word' id='word_1_137' title='bbox 162 1931 479 2006; x_wconf 82' lang='lat' dir='ltr'>aliquando</span> <span class='ocrx_word' id='word_1_138' title='bbox 504 1931 773 1990; x_wconf 70' lang='lat' dir='ltr'>amicitiae</span> <span class='ocrx_word' id='word_1_139' title='bbox 799 1938 933 2002; x_wconf 82' lang='lat' dir='ltr'>tuae,</span> <span class='ocrx_word' id='word_1_140' title='bbox 946 1951 1081 2016; x_wconf 60' lang='lat' dir='ltr'><em>Q</em></span> <span class='ocrx_word' id='word_1_141' title='bbox 1107 1932 1262 2007; x_wconf 88' lang='lat' dir='ltr'>apud</span> <span class='ocrx_word' id='word_1_142' title='bbox 1289 1933 1549 1989; x_wconf 85' lang='lat' dir='ltr'>animum</span> <span class='ocrx_word' id='word_1_143' title='bbox 1571 1953 1765 1990; x_wconf 92' lang='lat' dir='ltr'>meum</span> <span class='ocrx_word' id='word_1_144' title='bbox 1791 1923 1963 1990; x_wconf 58' lang='lat' dir='ltr'>nihil*</span> <span class='ocrx_word' id='word_1_145' title='bbox 1982 1913 1997 1936; x_wconf 29' lang='grc' dir='ltr'><strong><em>ὓ</em></strong></span> <span class='ocrx_word' id='word_1_146' title='bbox 2028 1917 2059 1936; x_wconf 32' lang='grc' dir='ltr'>ς’</span> <span class='ocrx_word' id='word_1_147' title='bbox 2078 1925 2101 1938; x_wconf 68' lang='grc'><strong>”</strong></span> <span class='ocrx_word' id='word_1_148' title='bbox 2134 1973 2137 1980; x_wconf 88' lang='lat'><em>-</em></span> <span class='ocrx_word' id='word_1_149' title='bbox 2160 1937 2175 1948; x_wconf 51' lang='lat'><em>³</em></span> 
     </span>
     <span class='ocr_line' id='line_1_19' title="bbox 162 2026 1939 2102; baseline -0.001 -17"><span class='ocrx_word' id='word_1_150' title='bbox 162 2029 355 2085; x_wconf 86' lang='lat' dir='ltr'>carius</span> <span class='ocrx_word' id='word_1_151' title='bbox 410 2026 609 2084; x_wconf 78' lang='lat' dir='ltr'>habeo,</span> <span class='ocrx_word' id='word_1_152' title='bbox 709 2027 785 2083; x_wconf 93' lang='lat' dir='ltr'>Id</span> <span class='ocrx_word' id='word_1_153' title='bbox 838 2028 980 2084; x_wconf 83' lang='lat' dir='ltr'>adeo</span> <span class='ocrx_word' id='word_1_154' title='bbox 1022 2029 1273 2102; x_wconf 85' lang='lat' dir='ltr'>experiri</span> <span class='ocrx_word' id='word_1_155' title='bbox 1315 2028 1489 2086; x_wconf 86' lang='lat' dir='ltr'>licet:</span> <span class='ocrx_word' id='word_1_156' title='bbox 1547 2047 1723 2100; x_wconf 87' lang='lat' dir='ltr'>arma,</span> <span class='ocrx_word' id='word_1_157' title='bbox 1766 2029 1939 2096; x_wconf 83' lang='lat' dir='ltr'>viros,</span> 
     </span>
     <span class='ocr_line' id='line_1_20' title="bbox 160 2121 1980 2199; baseline 0.002 -21"><span class='ocrx_word' id='word_1_158' title='bbox 160 2122 489 2198; x_wconf 84' lang='lat' dir='ltr'>pecuniam,</span> <span class='ocrx_word' id='word_1_159' title='bbox 514 2130 805 2198; x_wconf 90' lang='lat' dir='ltr'>postremo</span> <span class='ocrx_word' id='word_1_160' title='bbox 825 2123 1114 2199; x_wconf 87' lang='lat' dir='ltr'>quidquid</span> <span class='ocrx_word' id='word_1_161' title='bbox 1133 2124 1329 2180; x_wconf 86' lang='lat' dir='ltr'>animo</span> <span class='ocrx_word' id='word_1_162' title='bbox 1345 2124 1524 2196; x_wconf 87' lang='lat' dir='ltr'>lubet,</span> <span class='ocrx_word' id='word_1_163' title='bbox 1546 2142 1723 2196; x_wconf 89' lang='lat' dir='ltr'>sume,</span> <span class='ocrx_word' id='word_1_164' title='bbox 1742 2137 1909 2182; x_wconf 89' lang='lat' dir='ltr'>utere</span> <span class='ocrx_word' id='word_1_165' title='bbox 1925 2121 1980 2196; x_wconf 58' lang='lat' dir='ltr'>s?</span> 
     </span>
     <span class='ocr_line' id='line_1_21' title="bbox 162 2205 1941 2296; baseline 0.001 -21"><span class='ocrx_word' id='word_1_166' title='bbox 162 2224 239 2287; x_wconf 82' lang='lat' dir='ltr'>et,</span> <span class='ocrx_word' id='word_1_167' title='bbox 273 2219 463 2292; x_wconf 80' lang='lat' dir='ltr'>quoad</span> <span class='ocrx_word' id='word_1_168' title='bbox 489 2220 666 2290; x_wconf 84' lang='lat' dir='ltr'>vives,</span> <span class='ocrx_word' id='word_1_169' title='bbox 696 2238 1014 2294; x_wconf 81' lang='lat' dir='ltr'>numquam</span> <span class='ocrx_word' id='word_1_170' title='bbox 1041 2220 1155 2276; x_wconf 91' lang='lat' dir='ltr'>tibi</span> <span class='ocrx_word' id='word_1_171' title='bbox 1178 2220 1466 2277; x_wconf 83' lang='lat' dir='ltr'>redditam</span> <span class='ocrx_word' id='word_1_172' title='bbox 1500 2205 1748 2296; x_wconf 54' lang='lat' dir='ltr'>grafiam</span> <span class='ocrx_word' id='word_1_173' title='bbox 1775 2227 1941 2296; x_wconf 86' lang='lat' dir='ltr'>puta-</span> 
     </span>
     <span class='ocr_line' id='line_1_22' title="bbox 161 2316 1942 2393; baseline 0 -20"><span class='ocrx_word' id='word_1_174' title='bbox 161 2316 320 2373; x_wconf 82' lang='lat' dir='ltr'>veris</span> <span class='ocrx_word' id='word_1_175' title='bbox 339 2335 357 2387; x_wconf 91' lang='lat'>3</span> <span class='ocrx_word' id='word_1_176' title='bbox 402 2335 626 2392; x_wconf 88' lang='lat' dir='ltr'>semper</span> <span class='ocrx_word' id='word_1_177' title='bbox 652 2317 806 2391; x_wconf 90' lang='lat' dir='ltr'>apud</span> <span class='ocrx_word' id='word_1_178' title='bbox 832 2336 928 2373; x_wconf 91' lang='lat' dir='ltr'>me</span> <span class='ocrx_word' id='word_1_179' title='bbox 953 2318 1183 2392; x_wconf 88' lang='lat' dir='ltr'>integra</span> <span class='ocrx_word' id='word_1_180' title='bbox 1201 2318 1315 2374; x_wconf 89' lang='lat' dir='ltr'>erit</span> <span class='ocrx_word' id='word_1_181' title='bbox 1340 2339 1352 2375; x_wconf 90' lang='lat'>:</span> <span class='ocrx_word' id='word_1_182' title='bbox 1395 2317 1645 2393; x_wconf 87' lang='lat' dir='ltr'>denique</span> <span class='ocrx_word' id='word_1_183' title='bbox 1663 2317 1827 2388; x_wconf 91' lang='lat' dir='ltr'>nihil,</span> <span class='ocrx_word' id='word_1_184' title='bbox 1848 2336 1942 2373; x_wconf 90' lang='lat' dir='ltr'>me</span> 
     </span>
     <span class='ocr_line' id='line_1_23' title="bbox 159 2413 1939 2489; baseline 0.001 -20"><span class='ocrx_word' id='word_1_185' title='bbox 159 2415 401 2484; x_wconf 88' lang='lat' dir='ltr'>sciente,</span> <span class='ocrx_word' id='word_1_186' title='bbox 457 2415 678 2469; x_wconf 85' lang='lat' dir='ltr'>frustra</span> <span class='ocrx_word' id='word_1_187' title='bbox 729 2413 902 2473; x_wconf 82' lang='lat' dir='ltr'>voles.</span> <span class='ocrx_word' id='word_1_188' title='bbox 987 2413 1163 2486; x_wconf 86' lang='lat' dir='ltr'>Nam,</span> <span class='ocrx_word' id='word_1_189' title='bbox 1212 2420 1282 2471; x_wconf 89' lang='lat' dir='ltr'>ut</span> <span class='ocrx_word' id='word_1_190' title='bbox 1322 2434 1425 2489; x_wconf 91' lang='lat' dir='ltr'>ego</span> <span class='ocrx_word' id='word_1_191' title='bbox 1465 2414 1704 2485; x_wconf 89' lang='lat' dir='ltr'>aestim0,</span> <span class='ocrx_word' id='word_1_192' title='bbox 1747 2432 1939 2488; x_wconf 88' lang='lat' dir='ltr'>regem</span> 
     </span>
     <span class='ocr_line' id='line_1_24' title="bbox 163 2509 1936 2585; baseline 0.001 -19"><span class='ocrx_word' id='word_1_193' title='bbox 163 2511 360 2579; x_wconf 87' lang='lat' dir='ltr'>armis,</span> <span class='ocrx_word' id='word_1_194' title='bbox 419 2529 597 2585; x_wconf 86' lang='lat' dir='ltr'>quam</span> <span class='ocrx_word' id='word_1_195' title='bbox 652 2509 1050 2566; x_wconf 86' lang='lat' dir='ltr'>munificentia</span> <span class='ocrx_word' id='word_1_196' title='bbox 1105 2512 1281 2582; x_wconf 86' lang='lat' dir='ltr'>vinci,</span> <span class='ocrx_word' id='word_1_197' title='bbox 1324 2512 1518 2567; x_wconf 89' lang='lat' dir='ltr'>minus</span> <span class='ocrx_word' id='word_1_198' title='bbox 1571 2510 1936 2585; x_wconf 77' lang='lat' dir='ltr'>flagitiosum.</span> 
     </span>
     <span class='ocr_line' id='line_1_25' title="bbox 165 2604 1942 2679; baseline -0.002 -17"><span class='ocrx_word' id='word_1_199' title='bbox 165 2605 442 2662; x_wconf 86' lang='lat' dir='ltr'>Ceterum</span> <span class='ocrx_word' id='word_1_200' title='bbox 469 2604 540 2660; x_wconf 89' lang='lat' dir='ltr'>de</span> <span class='ocrx_word' id='word_1_201' title='bbox 565 2623 631 2660; x_wconf 89' lang='lat' dir='ltr'>re</span> <span class='ocrx_word' id='word_1_202' title='bbox 657 2604 887 2679; x_wconf 83' lang='lat' dir='ltr'>publica</span> <span class='ocrx_word' id='word_1_203' title='bbox 911 2610 1120 2671; x_wconf 82' lang='lat' dir='ltr'>vestra,</span> <span class='ocrx_word' id='word_1_204' title='bbox 1142 2605 1307 2679; x_wconf 79' lang='lat' dir='ltr'>cujus</span> <span class='ocrx_word' id='word_1_205' title='bbox 1334 2612 1568 2661; x_wconf 87' lang='lat' dir='ltr'>curator</span> <span class='ocrx_word' id='word_1_206' title='bbox 1591 2605 1707 2661; x_wconf 91' lang='lat' dir='ltr'>huc</span> <span class='ocrx_word' id='word_1_207' title='bbox 1734 2606 1942 2660; x_wconf 86' lang='lat' dir='ltr'>missus</span> 
     </span>
     <span class='ocr_line' id='line_1_26' title="bbox 164 2698 1941 2775; baseline -0.001 -19"><span class='ocrx_word' id='word_1_208' title='bbox 164 2719 241 2769; x_wconf 89' lang='lat' dir='ltr'>es,</span> <span class='ocrx_word' id='word_1_209' title='bbox 273 2699 473 2773; x_wconf 86' lang='lat' dir='ltr'>paucis</span> <span class='ocrx_word' id='word_1_210' title='bbox 507 2699 714 2773; x_wconf 85' lang='lat' dir='ltr'>accipe.</span> <span class='ocrx_word' id='word_1_211' title='bbox 801 2698 1032 2754; x_wconf 91' lang='lat' dir='ltr'>Bellum</span> <span class='ocrx_word' id='word_1_212' title='bbox 1066 2718 1172 2773; x_wconf 87' lang='lat' dir='ltr'>ego</span> <span class='ocrx_word' id='word_1_213' title='bbox 1208 2701 1420 2774; x_wconf 89' lang='lat' dir='ltr'>populo</span> <span class='ocrx_word' id='word_1_214' title='bbox 1459 2699 1724 2756; x_wconf 84' lang='lat' dir='ltr'>Romano</span> <span class='ocrx_word' id='word_1_215' title='bbox 1752 2718 1941 2775; x_wconf 86' lang='lat' dir='ltr'>neque</span> 
     </span>
     <span class='ocr_line' id='line_1_27' title="bbox 163 2794 1941 2870; baseline -0.002 -18"><span class='ocrx_word' id='word_1_216' title='bbox 163 2794 293 2864; x_wconf 88' lang='lat' dir='ltr'>feci,</span> <span class='ocrx_word' id='word_1_217' title='bbox 333 2812 522 2869; x_wconf 83' lang='lat' dir='ltr'>neque</span> <span class='ocrx_word' id='word_1_218' title='bbox 560 2794 779 2851; x_wconf 82' lang='lat' dir='ltr'>factum</span> <span class='ocrx_word' id='word_1_219' title='bbox 821 2813 1097 2870; x_wconf 86' lang='lat' dir='ltr'>umquam</span> <span class='ocrx_word' id='word_1_220' title='bbox 1136 2795 1336 2853; x_wconf 80' lang='lat' dir='ltr'>volui:</span> <span class='ocrx_word' id='word_1_221' title='bbox 1379 2795 1522 2852; x_wconf 88' lang='lat' dir='ltr'>fines</span> <span class='ocrx_word' id='word_1_222' title='bbox 1561 2815 1717 2852; x_wconf 90' lang='lat' dir='ltr'>meos</span> <span class='ocrx_word' id='word_1_223' title='bbox 1743 2795 1941 2851; x_wconf 85' lang='lat' dir='ltr'>adver-</span> 
     </span>
     <span class='ocr_line' id='line_1_28' title="bbox 165 2891 1941 2966; baseline 0.001 -21"><span class='ocrx_word' id='word_1_224' title='bbox 165 2908 298 2945; x_wconf 90' lang='lat' dir='ltr'>sum</span> <span class='ocrx_word' id='word_1_225' title='bbox 340 2897 594 2946; x_wconf 84' lang='lat' dir='ltr'>armatos</span> <span class='ocrx_word' id='word_1_226' title='bbox 637 2891 812 2947; x_wconf 86' lang='lat' dir='ltr'>armis</span> <span class='ocrx_word' id='word_1_227' title='bbox 853 2896 1083 2947; x_wconf 86' lang='lat' dir='ltr'>tutatus</span> <span class='ocrx_word' id='word_1_228' title='bbox 1124 2911 1270 2950; x_wconf 90' lang='lat' dir='ltr'>sum.</span> <span class='ocrx_word' id='word_1_229' title='bbox 1354 2892 1426 2948; x_wconf 92' lang='lat' dir='ltr'>Id</span> <span class='ocrx_word' id='word_1_230' title='bbox 1457 2893 1679 2963; x_wconf 88' lang='lat' dir='ltr'>omitt0,</span> <span class='ocrx_word' id='word_1_231' title='bbox 1709 2891 1941 2966; x_wconf 85' lang='lat' dir='ltr'>quando</span> 
     </span>
     <span class='ocr_line' id='line_1_29' title="bbox 164 2985 1943 3061; baseline 0 -21"><span class='ocrx_word' id='word_1_232' title='bbox 164 2985 332 3042; x_wconf 85' lang='lat' dir='ltr'>vobis</span> <span class='ocrx_word' id='word_1_233' title='bbox 357 2986 443 3042; x_wconf 88' lang='lat' dir='ltr'>ita</span> <span class='ocrx_word' id='word_1_234' title='bbox 470 2986 660 3061; x_wconf 84' lang='lat' dir='ltr'>placet</span> <span class='ocrx_word' id='word_1_235' title='bbox 686 3007 697 3043; x_wconf 70' lang='grc' dir='ltr'>ε</span> <span class='ocrx_word' id='word_1_236' title='bbox 740 2987 938 3061; x_wconf 85' lang='lat' dir='ltr'>gerite,</span> <span class='ocrx_word' id='word_1_237' title='bbox 985 2986 1074 3043; x_wconf 91' lang='lat' dir='ltr'>uti</span> <span class='ocrx_word' id='word_1_238' title='bbox 1101 2986 1299 3057; x_wconf 78' lang='lat' dir='ltr'>vultiS,</span> <span class='ocrx_word' id='word_1_239' title='bbox 1344 3005 1477 3042; x_wconf 91' lang='lat' dir='ltr'>cum</span> <span class='ocrx_word' id='word_1_240' title='bbox 1502 2985 1547 3042; x_wconf 84' lang='lat' dir='ltr'><strong>J</strong></span> <span class='ocrx_word' id='word_1_241' title='bbox 1547 2985 1803 3061; x_wconf 85' lang='lat' dir='ltr'>ugurtha</span> <span class='ocrx_word' id='word_1_242' title='bbox 1828 2986 1943 3040; x_wconf 88' lang='lat' dir='ltr'>bel-</span> 
     </span>
     <span class='ocr_line' id='line_1_30' title="bbox 164 3082 1942 3159; baseline 0 -21"><span class='ocrx_word' id='word_1_243' title='bbox 164 3082 308 3138; x_wconf 88' lang='lat' dir='ltr'>lum.</span> <span class='ocrx_word' id='word_1_244' title='bbox 395 3082 520 3157; x_wconf 86' lang='lat' dir='ltr'>Ego</span> <span class='ocrx_word' id='word_1_245' title='bbox 546 3083 763 3140; x_wconf 90' lang='lat' dir='ltr'>flumen</span> <span class='ocrx_word' id='word_1_246' title='bbox 792 3083 1153 3152; x_wconf 86' lang='lat' dir='ltr'>Mulucham,</span> <span class='ocrx_word' id='word_1_247' title='bbox 1182 3085 1338 3159; x_wconf 87' lang='lat' dir='ltr'>quod</span> <span class='ocrx_word' id='word_1_248' title='bbox 1363 3084 1520 3140; x_wconf 86' lang='lat' dir='ltr'>inter</span> <span class='ocrx_word' id='word_1_249' title='bbox 1547 3103 1637 3139; x_wconf 93' lang='lat' dir='ltr'>me</span> <span class='ocrx_word' id='word_1_250' title='bbox 1659 3089 1719 3139; x_wconf 93' lang='lat' dir='ltr'>et</span> <span class='ocrx_word' id='word_1_251' title='bbox 1736 3082 1942 3157; x_wconf 83' lang='lat' dir='ltr'>Micip-</span> 
     </span>
     <span class='ocr_line' id='line_1_31' title="bbox 166 3178 1942 3256; baseline -0.001 -22"><span class='ocrx_word' id='word_1_252' title='bbox 166 3196 291 3235; x_wconf 84' lang='lat' dir='ltr'>sam</span> <span class='ocrx_word' id='word_1_253' title='bbox 323 3178 455 3250; x_wconf 85' lang='lat' dir='ltr'>fuit,</span> <span class='ocrx_word' id='word_1_254' title='bbox 501 3198 617 3234; x_wconf 90' lang='lat' dir='ltr'>non</span> <span class='ocrx_word' id='word_1_255' title='bbox 662 3180 935 3254; x_wconf 87' lang='lat' dir='ltr'>egrediar,</span> <span class='ocrx_word' id='word_1_256' title='bbox 980 3200 1170 3256; x_wconf 92' lang='lat' dir='ltr'>neque</span> <span class='ocrx_word' id='word_1_257' title='bbox 1211 3180 1255 3237; x_wconf 84' lang='lat' dir='ltr'>J</span> <span class='ocrx_word' id='word_1_258' title='bbox 1260 3181 1571 3256; x_wconf 85' lang='lat' dir='ltr'>ugurtham</span> <span class='ocrx_word' id='word_1_259' title='bbox 1616 3178 1678 3235; x_wconf 91' lang='lat' dir='ltr'>id</span> <span class='ocrx_word' id='word_1_260' title='bbox 1723 3178 1942 3233; x_wconf 84' lang='lat' dir='ltr'>intrare</span> 
     </span>
     <span class='ocr_line' id='line_1_32' title="bbox 167 3273 1942 3353; baseline 0 -23"><span class='ocrx_word' id='word_1_261' title='bbox 167 3274 371 3332; x_wconf 89' lang='lat' dir='ltr'>sinam.</span> <span class='ocrx_word' id='word_1_262' title='bbox 458 3273 764 3348; x_wconf 70' lang='lat' dir='ltr'>Praeterea,</span> <span class='ocrx_word' id='word_1_263' title='bbox 819 3278 869 3334; x_wconf 87' lang='lat' dir='ltr'>si</span> <span class='ocrx_word' id='word_1_264' title='bbox 929 3278 1071 3353; x_wconf 89' lang='lat' dir='ltr'>quid</span> <span class='ocrx_word' id='word_1_265' title='bbox 1117 3296 1326 3353; x_wconf 87' lang='lat' dir='ltr'>meque</span> <span class='ocrx_word' id='word_1_266' title='bbox 1380 3276 1658 3353; x_wconf 85' lang='lat' dir='ltr'>vobisque</span> <span class='ocrx_word' id='word_1_267' title='bbox 1697 3274 1942 3351; x_wconf 86' lang='lat' dir='ltr'>dignum</span> 
     </span>
     <span class='ocr_line' id='line_1_33' title="bbox 167 3369 1202 3449; baseline 0.005 -23"><span class='ocrx_word' id='word_1_268' title='bbox 167 3369 465 3448; x_wconf 86' lang='lat' dir='ltr'>petiveris,</span> <span class='ocrx_word' id='word_1_269' title='bbox 493 3370 651 3429; x_wconf 86' lang='lat' dir='ltr'>haud</span> <span class='ocrx_word' id='word_1_270' title='bbox 676 3373 941 3449; x_wconf 88' lang='lat' dir='ltr'>repulsus</span> <span class='ocrx_word' id='word_1_271' title='bbox 965 3375 1202 3432; x_wconf 86' lang='lat' dir='ltr'>abibis.’&#39;</span> 
     </span>
    </p>
   </div>
   <div class='ocr_carea' id='block_1_3' title="bbox 1978 2001 2209 2052">
    <p class='ocr_par' dir='ltr' id='par_1_4' title="bbox 1978 2001 2209 2052">
     <span class='ocr_line' id='line_1_34' title="bbox 2144 2001 2149 2008; baseline 0 0"><span class='ocrx_word' id='word_1_272' title='bbox 2144 2001 2149 2008; x_wconf 74' lang='lat' dir='ltr'>J·</span> 
     </span>
     <span class='ocr_line' id='line_1_35' title="bbox 1978 2017 2209 2052; baseline -0.009 -22"><span class='ocrx_word' id='word_1_273' title='bbox 1978 2017 2145 2052; x_wconf 30' lang='lat' dir='ltr'>wa?</span> <span class='ocrx_word' id='word_1_274' title='bbox 2200 2019 2209 2028; x_wconf 78' lang='lat'><em>1</em></span> 
     </span>
    </p>
   </div>
  </div>
 </body>
</html>
