2292 3692
591 269 1071 330 .SALLUSTIJ
1115 268 1591 335 JUGURTHA.
1910 269 1986 328 57
2046 287 2051 292 ·

206 421 446 490 abesse:
500 418 703 477 decere
754 419 886 476 illos
938 419 1232 495 reliquum
1283 400 1545 477 laborem
1584 437 1751 494 aequo
1790 417 1986 477 animo

207 518 351 593 pati,
410 518 553 574 dum
606 535 713 592 pro
761 516 987 573 civibus
1039 516 1178 585 suis,
1234 516 1380 573 viris
1430 515 1783 584 fortissimis·
1807 521 1986 592 atque

206 613 568 684 miserrimis,
607 630 824 687 -poenas
851 595 1152 687 ‘caperent
1172 610 1222 683 ;'’
1277 617 1560 687 praeterea
1595 611 1853 688 praedam
1892 610 1987 667 be-

204 710 390 785 nigne
417 714 687 766 ostentat.
773 707 869 764 Sic
895 707 1107 764 animis
1133 726 1337 764 eorum
1364 708 1623 780 arrectis,
1668 705 1893 783 equites
1916 707 1985 764 in

202 806 398 880 primo
423 803 557 875 late,
596 802 821 879 pedites
860 821 1036 878 quam
1063 803 1384 861 arctissime
1407 803 1496 862 ire
1522 810 1584 862 et
1609 803 1775 880 signa
1799 802 1985 862 occul·

201 909 347 972 tare,
372 903 562 976 jubet.
1576 951 1583 954 Α
1618 953 1627 956 -

324 997 562 1054 LXIX.
644 997 944 1073 Vagenses
981 996 1086 1054 ubi
1124 995 1388 1052 animum
1435 994 1754 1065 advertere,
1796 994 1873 1052 ad
1912 1012 1976 1052 se

200 1112 440 1151 versum
479 1096 803 1152 exercitum
842 1112 1094 1169 pergere,
1138 1077 1344 1168 primo,
1387 1091 1480 1149 uti
1533 1098 1658 1152 erat
1705 1110 1812 1162 res,
1855 1091 1981 1148 Me-

200 1189 414 1246 tellum
452 1190 587 1262 rati,
629 1195 834 1267 portas
864 1191 1118 1248 clausere
1130 1209 1150 1262 3
1188 1190 1412 1261 deinde,
1441 1190 1543 1246 ubi
1582 1206 1775 1264 neque
1813 1206 1980 1263 agros

199 1286 439 1357 vastari,
495 1292 557 1343 et
603 1306 714 1358 eos,
760 1287 865 1362 qui
904 1287 1078 1361 primi
1117 1286 1376 1356 aderant,
1421 1284 1712 1342 Numidas
1752 1285 1977 1359 equites

198 1383 425 1454 vident,
494 1401 728 1441 rursum
793 1384 1156 1459 ‚Iugurtham
1221 1382 1510 1448 arbitrati,
1565 1399 1697 1438 cum
1764 1399 1975 1457 magno

196 1480 413 1555 gaudio
454 1479 612 1565 OQ
650 1480 984 1556 procedunt.
1069 1479 1316 1555 Equites
1354 1478 1706 1554 peditesque,
1737 1471 1975 1553 repente

195 1575 365 1651 signo
392 1575 545 1646 dato,
576 1575 679 1633 alii
704 1576 946 1651 vulgum
971 1574 1221 1632 effusum
1240 1573 1452 1648 oppido
1479 1574 1727 1643 effiderei
1769 1570 1872 1628 alii
1897 1570 1973 1629 ad
2054 1615 2065 1620 ·
2130 1547 2135 1556 =
2192 1544 2201 1556 ι
2264 1651 2265 1666 ,

195 1677 397 1747 portas
436 1671 740 1743 festinar03
784 1690 917 1747 pars
942 1677 1134 1728 turres
1162 1689 1392 1746 capere:
1433 1671 1524 1727 ira
1555 1676 1732 1745 atque
1766 1668 1972 1744 praedae
2032 1670 2060 1698 '⁹

196 1787 328 1843 spes
367 1768 631 1844 amplius,
676 1786 851 1843 quam
899 1766 1194 1836 lassitudo,
1246 1784 1424 1841 pom.
1527 1766 1627 1823 Ita
1673 1765 1973 1841 Vagenses

195 1866 445 1922 biduum
497 1865 669 1922 modo
720 1883 797 1920 ex
848 1863 1092 1939 perfidia
1129 1862 1346 1920 laetatiz
1402 1863 1607 1919 civitas
1654 1881 1864 1937 magna
1910 1869 1971 1924 et

194 1962 442 2038 opulens
493 1981 676 2037 poeuae
730 1968 956 2033 cuncta,
1004 1968 1110 2018 aut
1154 1961 1380 2037 praedae,
1433 1960 1570 2019 fuit.
1652 1959 1966 2036 Turpilius,

195 2078 389 2136 quem,
419 2061 755 2137 praefectugn
796 2058 1011 2134 oppidi,
1038 2078 1226 2115 unum
1254 2077 1330 2114 ex
1356 2057 1625 2115 omnibus
1650 2058 1970 2133 profugisse
2029 2081 2039 2125 g

194 2174 375 2231 supra
426 2155 801 2226 ostendimus,
836 2154 1037 2229 jussus
1080 2173 1118 2210 a
1164 2152 1407 2211 Metello
1449 2170 1706 2212 caussam
1761 2154 1963 2224 dicere,

194 2263 505 2326 postquam
531 2269 653 2308 sese
677 2268 883 2327 parum
917 2256 1226 2326 expurgat,
1255 2250 1670 2308 condemnatus
1707 2250 1967 2308 verbera·

195 2353 427 2422 tusque,
445 2346 635 2422 capite
661 2364 859 2422 poenas
885 2346 1090 2404 solvit:
1131 2366 1269 2403 nam
1293 2347 1345 2404 is
1371 2347 1516 2404 civis
1543 2366 1618 2403 ex
1635 2346 1807 2404 Latio
1822 2351 1962 2404 erat.
1983 2348 1986 2351 ’

315 2444 515 2504 LXX.
600 2443 714 2501 Per
737 2443 893 2501 idem
918 2449 1151 2518 tempus
1176 2443 1482 2513 Bomilcar,
1513 2443 1677 2518 cujus
1708 2442 1965 2519 impulsu

194 2539 239 2597 J
241 2539 497 2615 ugurtha
522 2538 894 2611 deditionem,
940 2557 1116 2614 quam
1150 2544 1312 2595 metu
1347 2538 1617 2609 deseruit,
1649 2539 1961 2615 inceperat,

193 2640 494 2710 suspectus
520 2635 661 2711 regi,
683 2640 744 2692 et
758 2636 881 2711 ipse
896 2653 1031 2691 eum
1057 2634 1390 2709 suspiciens,
1412 2653 1594 2691 novas
1612 2653 1704 2691 res
1724 2652 1933 2711 cupere
1944 2653 1964 2706 3

193 2730 270 2787 ad
295 2727 611 2806 perniciem
651 2732 775 2806 ejus
813 2730 1013 2786 dolum
1049 2747 1304 2805 quaerere
1315 2750 1334 2802 3
1378 2730 1481 2787 diu
1507 2736 1802 2806 noctuque
1836 2729 1964 2787 fati-

194 2846 333 2904 gare
374 2829 671 2886 animum:
719 2827 985 2903 denique,
1013 2827 1210 2883 omnia
1249 2826 1546 2899 tentando,
1589 2829 1813 2885 socium
1851 2827 1965 2908 sibi

193 2923 464 2999 adjungit
510 2924 883 2994 Nabdalsam,
930 2923 1226 2980 hominem
1265 2922 1536 2994 nobilem,
1579 2923 1805 2998 magnis
1844 2922 1967 2998 opi-

193 3017 319 3090 bus,
361 3038 561 3077 carum
611 3024 1024 3095 acceptumque
1071 3017 1445 3094 popularibus
1492 3019 1612 3076 suis
1624 3037 1643 3091 3
1706 3017 1810 3094 qui
1846 3018 1963 3094 ple-
2041 3103 2045 3108 ι

193 3134 443 3191 rumque
468 3133 724 3173 seorsum
751 3116 825 3171 ab
851 3132 985 3190 rege
1020 3114 1340 3172 exercitum
1381 3114 1635 3185 ductare,
1668 3120 1728 3171 et
1762 3131 1961 3171 omnes

2026 3173 2068 3198 ’ὃ

192 3227 287 3267 res
338 3209 580 3285 exsequi
632 3209 837 3265 solitus
888 3214 1032 3278 erat,
1087 3227 1221 3284 quse
1279 3207 1322 3265 J
1323 3208 1592 3285 ugurthae
1643 3209 1809 3277 fess0,
1856 3215 1963 3265 aut
2056 3241 2065 3252 ι

192 3304 511 3385 majoribus
549 3305 845 3377 adstricto,
888 3309 1337 3379 superaverant:
1381 3322 1454 3359 ex
1494 3322 1611 3379 quo
1649 3302 1742 3361 illi
1778 3303 1963 3379 gloria

193 3419 444 3479 opesque
468 3402 740 3462 inventes.
843 3401 1037 3478 Igitur
1081 3402 1389 3476 utriusque
1436 3400 1675 3458 consilio
1715 3400 1838 3458 dies
1878 3403 1963 3458 in-
