2292 3692
302 238 377 301 ³4
688 237 887 300 SALL
897 235 1131 298 USTII
1179 236 1234 295 J
1241 238 1298 299 U
1298 237 1348 297 G
1360 238 1651 297 URTHA.

294 413 371 455 ex
396 393 602 474 opibus
628 396 833 453 alienis
859 395 1087 472 pendet·
1174 395 1428 454 Utinam
1455 395 1636 453 emori
1654 393 1905 451 fortunis
1924 396 2072 453 meis

293 494 571 551 honestus
609 493 804 550 exitus
835 498 997 563 esset,
1026 512 1143 549 neu
1178 493 1313 568 jure
1355 498 1683 550 contemtus
1725 492 1967 564 viderer,
1999 492 2069 564 si,

294 588 550 647 defessus
564 586 751 659 malis,
768 588 851 663 inj
858 588 998 644 uriae
1014 588 1429 646 concessissem.
1473 586 1652 643 Nunc
1669 606 1855 662 neque
1870 588 2072 645 vivere

293 684 476 756 lubet,
495 702 685 761 neque
704 683 855 739 mori
874 683 1012 740 licet
1033 682 1159 740 sine
1176 682 1465 741 dedecore.
1518 682 1725 740 Patres
1743 684 2068 758 conscripti,

293 797 400 860 p‘er
438 801 558 852 vos,
606 801 711 858 per
754 782 966 839 liberos
1008 787 1188 857 atque
1234 787 1517 857 parentes,
1561 800 1665 857 per
1707 781 2069 857 majestatem

298 878 495 955 populi
523 878 793 949 Romani,
823 878 1129 934 subvenite
1155 876 1366 933 misero
1393 877 1539 934 mihi
1558 897 1576 950 3
1618 878 1701 934 ite
1728 878 1957 935 obviam
1984 879 2072 934 in-

291 973 460 1050 juriae
480 993 498 1046 3
526 973 710 1031 nolite
735 973 861 1049 pati
884 992 1129 1050 regnum
1158 971 1470 1045 Numidiae,
1495 973 1648 1049 quod
1678 978 1934 1030 vestrum
1961 982 2068 1045 est,

295 1089 400 1145 per
423 1071 609 1128 scelus
635 1076 695 1126 et
720 1071 1061 1146 sanguinem
1087 1068 1324 1125 familiae
1351 1075 1563 1125 nostrae
1591 1068 1934 1128 tabescere.''

307 1181 314 1210 ³
414 1165 559 1226 XV.
645 1165 963 1241 Postquam
1010 1183 1118 1221 rex
1164 1164 1339 1220 finem
1386 1164 1660 1240 loquendi
1698 1164 1850 1236 fecit,
1891 1164 2073 1241 legati

294 1259 340 1318 J
340 1261 624 1337 ugurthae,
654 1260 959 1336 largitione
999 1259 1197 1334 magis,
1229 1277 1405 1334 quam
1446 1278 1658 1329 caussa,
1688 1259 1840 1331 freti,
1872 1260 2075 1335 paucis

294 1356 646 1432 respondent
670 1375 683 1412 ε
713 1354 1157 1428 “Hiempsalem
1186 1354 1262 1410 ob
1281 1354 1564 1409 saevitiam
1585 1363 1748 1410 suam
1769 1353 1843 1409 ab
1859 1352 2074 1409 Numi-

296 1451 386 1507 dis
404 1451 774 1507 interfectum
803 1469 817 1506 z
848 1449 1265 1521 Adherbalem,
1280 1449 1441 1505 ultro
1459 1449 1674 1506 bellum
1702 1449 2070 1518 inferentem,

295 1552 603 1622 postquam
650 1553 955 1623 superatus
1001 1545 1097 1615 sit,
1138 1546 1320 1622 queri,
1364 1546 1520 1621 quod
1563 1546 1839 1621 injuriam
1884 1547 2075 1603 facere

296 1642 690 1718 nequivisset:
744 1642 1107 1718 «Iugurtham
1144 1643 1221 1699 ab
1266 1648 1473 1699 senatu
1518 1649 1732 1718 petere,
1774 1661 1851 1699 ne
1889 1643 2075 1699 alium

295 1747 591 1818 putarent,
621 1760 688 1798 ac
729 1740 1070 1798 Numantiae
1111 1740 1379 1816 cognitus
1419 1746 1582 1811 esset,
1611 1759 1729 1797 neu
1758 1739 1937 1798 verba
1962 1741 2074 1797 ini-

296 1838 433 1897 mici
459 1844 598 1895 ante
625 1839 782 1894 facta
808 1856 913 1894 sua
947 1839 1284 1913 ponerent.''
1366 1836 1596 1895 Deinde
1635 1838 1870 1914 utrique
1910 1837 2077 1897 curia

297 1938 692 2014 egrediuntur.
765 1935 1014 1993 Senatus
1041 1934 1243 1991 statim
1272 1934 1620 1991 consulitur:
1648 1935 1904 1992 fautores
1925 1934 2077 2009 leg'a-

297 2041 508 2106 torum,
537 2017 816 2109 praeterea
854 2050 1065 2107 magna
1098 2049 1235 2107 pars
1268 2030 1455 2106 gratia
1483 2031 1811 2106 depravata,
1841 2031 2091 2088 Adher·⁴

297 2129 445 2186 balis
484 2130 642 2186 dicta
680 2134 1063 2198 contemnere,
1104 2126 1151 2183 J
1151 2126 1420 2202 ugni-thee
1459 2126 1744 2183 virtutem
1792 2126 2077 2184 extollere

297 2224 606 2296 laudibus3
659 2224 863 2299 gratia,
906 2241 1062 2294 voce,
1106 2223 1359 2299 denique
1406 2223 1674 2279 omnibus
1720 2223 1923 2294 modis,
1966 2243 2077 2299 pro

299 2320 489 2375 alieno
519 2318 732 2376 scelere
768 2323 829 2374 et
854 2317 1089 2393 flagitio,
1119 2336 1225 2374 sua
1252 2318 1420 2393 quasi
1448 2337 1554 2394 pro
1580 2319 1778 2393 gloria,
1809 2319 2095 2376 nitebam-

299 2426 415 2473 tur.
485 2413 579 2470 At
605 2419 806 2470 contra
830 2414 1015 2489 pauci,
1035 2413 1250 2491 quibus
1277 2415 1493 2471 bonum
1519 2420 1581 2471 et
1598 2434 1830 2490 aequum
1851 2416 2089 2474 divitiis

300 2510 505 2582 carius,
540 2509 1002 2566 subveniendum
1040 2507 1384 2579 Adherbali,
1427 2515 1487 2566 et
1527 2509 1886 2585 Hiempsalis
1924 2530 2076 2567 mor-

300 2616 422 2665 tem
460 2626 656 2665 severe
696 2607 1104 2664 vindicandam
1150 2607 1497 2665 censebant:
1552 2607 1653 2663 sed
1692 2625 1769 2663 ex
1808 2608 2078 2664 omnibus
2102 2625 2138 2684 ’ἰ

301 2703 557 2760 maxime
583 2702 868 2760 AEmilius
908 2702 1175 2774 Scaurus,
1204 2703 1377 2760 homo
1417 2703 1644 2772 nobilis,
1673 2704 1934 2779 impiger,
1965 2704 2078 2760 fac-

301 2799 497 2869 tiosus,
540 2796 747 2854 avidus
785 2796 1076 2872 potentiae,
1116 2795 1368 2868 honoris,
1398 2797 1737 2854 divitiarum
1762 2817 1778 2867 3
1819 2804 2078 2855 ceterum

299 2898 449 2955 vitia
487 2916 593 2954 sua
632 2896 837 2954 callide
878 2898 1189 2955 occultans.
1275 2896 1339 2952 Is
1378 2906 1685 2972 postquam
1724 2895 1886 2952 videt
1926 2896 2079 2970 regis

299 2995 670 3070 largitionem
696 2996 970 3050 famosam
1002 2992 1532 3069 impudentemque,
1561 2992 1797 3061 veritus,
1829 2991 1987 3065 quod
2014 2992 2079 3047 in

302 3091 409 3147 tali
447 3109 511 3147 re
550 3091 714 3160 solet,
745 3107 827 3146 ne‘
858 3089 1083 3164 polluta
1121 3088 1356 3145 licentia
1400 3089 1683 3145 invidiam
1722 3088 2077 3156 accenderet,

305 3186 568 3243 animum
594 3205 631 3241 a
656 3190 931 3241 consueta
955 3184 1218 3241 lubidine
1244 3184 1550 3242 continuit.

420 3281 602 3340 XVI.
687 3280 855 3337 Vicit
892 3286 1092 3338 tamen
1129 3282 1196 3337 in
1231 3286 1440 3338 senatu
1465 3299 1600 3357 pars
1625 3279 1746 3350 illa,
1779 3298 1911 3356 quoe
1938 3298 2080 3336 vero

298 3375 555 3451 pretium
594 3380 699 3433 aut
737 3375 984 3451 gratiam
1024 3375 1400 3436 anteferebat.
1485 3375 1804 3434 Decretum
1843 3374 1931 3447 fit,
1975 3390 2081 3433 Uri
