2292 3692
405 812 488 889 o.
558 812 1224 890 SALLUSTII
1310 815 1722 893 CRISPI

700 989 1414 1085 JUGURTHA.
1736 985 1743 989 ’

291 1378 344 1439 Ι.
429 1377 627 1436 FAnso
653 1378 921 1455 queritur
946 1377 1018 1435 de
1037 1384 1252 1435 natura
1271 1396 1376 1435 sua
1390 1396 1576 1454 genus
1596 1377 1940 1450 humanum,

167 1476 346 1553 quod,
390 1474 683 1533 imbecilla
720 1480 897 1550 atque
930 1472 1045 1531 sevi
1078 1474 1289 1545 brevis,
1332 1474 1484 1531 forte
1511 1474 1721 1551 potius,
1766 1495 1943 1551 quam

167 1571 398 1628 virtute
422 1575 675 1646 regatur.
744 1569 904 1626 Nam
925 1575 1143 1641 eontra,
1173 1568 1518 1646 reputando,
1537 1588 1728 1646 neque
1756 1570 1943 1647 majus

167 1665 351 1741 aliud,
393 1684 582 1742 neque
616 1664 1006 1742 praestabilius
1040 1664 1344 1738 invenies3
1380 1665 1680 1742 magisque
1715 1660 1941 1725 naturae
1978 1668 1986 1674 ’

35 1809 40 1822 ,
166 1760 523 1818 industriam
562 1759 886 1833 hominum,
927 1779 1106 1836 quam
1140 1760 1266 1817 vim
1301 1765 1408 1818 aut
1448 1766 1683 1837 tempus
1729 1761 1937 1821 deesse.

168 1854 289 1913 Sed
314 1854 440 1912 dux
471 1861 648 1931 atque
686 1854 1004 1932 imperator
1027 1854 1165 1913 vitae
1192 1855 1530 1913 mortalium
1555 1859 1787 1916 animus
1813 1864 1940 1918 est:

168 1952 291 2027 qui,
320 1951 427 2009 ubi
468 1951 542 2009 ad
566 1950 811 2029 gloriam
837 1950 1077 2009 virtutis
1097 1951 1197 2008 via
1233 1957 1544 2027 grassatur,
1574 1952 1802 2010 abunde
1822 1952 1942 2030 pol-

166 2048 299 2106 lens
312 2045 633 2125 potensqu‘e
649 2052 711 2104 et
727 2046 918 2103 clarus
935 2052 1039 2117 est,
1067 2064 1259 2122 neque
1273 2045 1524 2103 fortunae
1541 2051 1673 2124 eget
1681 2065 1701 2119 5
1726 2048 1943 2127 quippe

167 2162 304 2222 quae
329 2143 697 2222 probitatem,
740 2142 1105 2214 industriam,
1151 2142 1296 2199 alias
1334 2147 1490 2199 artes
1520 2141 1715 2216 bonas,
1753 2164 1943 2221 neque

167 2239 311 2298 dare
335 2258 524 2317 neque
542 2238 766 2314 eripere
785 2238 1059 2313 cuiquam
1078 2243 1287 2313 potest.
1374 2237 1496 2309 Sin,
1517 2245 1721 2315 captus
1748 2242 1942 2316 pravis

169 2335 559 2413 cupidinibus,
587 2334 662 2391 ad
687 2333 961 2392 inertiam
988 2339 1049 2390 et
1073 2333 1406 2410 voluptates
1432 2337 1685 2411 eorporis
1710 2356 1937 2413 pessum

168 2431 345 2491 datus
370 2436 497 2504 est;
536 2430 860 2508 perniciosa
884 2429 1149 2486 lubidine
1175 2429 1490 2506 paullisper
1514 2450 1671 2503 usus,
1709 2434 1813 2490 ubi
1837 2454 1942 2511 per

167 2526 491 2585 socordiam
528 2526 699 2596 vireS,
741 2530 989 2602 tempuS,
1031 2514 1333 2600 ingenium
1374 2525 1683 2598 defluxere,
1717 2533 1942 2585 naturae

167 2622 481 2680 iufirmitas
519 2626 856 2679 accusatur:
917 2639 1082 2678 suam
1121 2620 1368 2696 quisque
1407 2621 1639 2697 eulpam
1679 2629 1943 2681 auctores

169 2718 246 2776 ad
285 2715 521 2794 negotia
558 2716 939 2775 transferunt.
1024 2716 1196 2785 Quod
1220 2716 1271 2774 si
1297 2716 1632 2774 hominibus
1656 2718 1941 2776 bonarum

168 2831 369 2871 rerum
400 2818 570 2869 tanta
604 2830 744 2869 eura
777 2817 943 2884 esset,
984 2817 1207 2887 quanto
1249 2812 1446 2869 studio
1482 2812 1672 2870 aliena
1697 2833 1766 2871 ae
1790 2814 1940 2873 nihil

169 2908 493 2986 profutura,
514 2907 885 2983 multumque
905 2906 1084 2964 etiam
1102 2906 1438 2983 periculosa,
1457 2914 1709 2984 petunt3
1751 2928 1941 2985 neque

168 3010 513 3082 regerentur
537 3002 738 3079 magis,
784 3021 961 3079 quam
986 3008 1258 3079 regerent
1284 3021 1464 3076 casus,
1511 3009 1573 3061 et
1610 3022 1679 3060 eo
1715 3005 1939 3079 magni-

35 3149 52 3178 ,
167 3100 396 3157 tudinis
420 3100 815 3177 procederent,
857 3098 967 3172 uti,
1002 3117 1109 3175 pro
1136 3098 1495 3192 mortalibus,
1525 3098 1711 3176 gloria
1734 3101 1940 3158 aeterni

168 3198 393 3255 fierent.

287 3291 377 3349 ΙΙ.
461 3289 636 3363 Nam,
658 3290 751 3347 uti
768 3308 949 3365 genus
975 3290 1276 3348 hominum
1305 3290 1687 3366 compositum
1714 3305 1790 3347 ex
1817 3290 1940 3347 ani-

166 3408 266 3448 ma
291 3393 355 3446 et
382 3406 635 3464 corpore,
664 3386 750 3443 ita
774 3405 866 3446 res
893 3392 1130 3458 cunctae,
1162 3386 1469 3460 studiaque
1497 3385 1692 3442 omnia
1718 3390 1932 3459 nostra,

328 3509 459 3551 wo.
1560 3513 1565 3518 ·
1744 3490 1773 3548 l
