2292 3692
584 210 810 273 ,ΒΑΜ
822 210 1054 269 USTJJ
1101 175 1265 269 'JUG
1278 210 1573 274 URTHA.
1897 214 1967 270 31

184 366 401 424 „amicis
434 365 575 421 satis
606 364 859 440 praesidii
890 370 993 435 est,
1034 364 1193 439 quod
1232 383 1433 422 eorum
1469 365 1651 421 alium
1688 365 1974 422 conscien-

198 463 301 530 tia,
337 462 522 522 alium
551 461 703 517 mala
734 461 889 517 fama
917 465 982 519 et
1013 457 1191 517 timor
1224 461 1576 536 impediebat
1586 481 1605 533 3
1643 462 1970 536 Bomilcari,

198 559 465 635 proximo
527 575 596 613 ac
659 557 915 613 maxime
980 556 1099 613 fido
1171 557 1299 623 sibi,
1372 558 1637 633 imperat,
1717 562 1752 590 “
1765 559 1968 634 pretio,

156 727 163 733 ι
197 654 375 710 sicuti
421 653 611 709 multa
662 654 1000 725 confecerat,
1055 653 1423 709 insidiatores
1475 652 1745 710 Massivae
1786 662 1970 729 paret,

198 766 264 804 ac
318 747 575 803 maxime
625 747 879 819 occulte;
922 747 1017 804 sin
1060 747 1125 803 id
1169 766 1379 823 parum
1424 749 1710 824 procedat,
1768 750 1974 824 quovis

196 843 371 900 modo
407 844 730 900 Numidam
770 842 1135 902 interficiat.'’
1220 845 1514 906 Bomilcar
1553 851 1782 904 mature
1821 848 1973 922 regis

189 933 478 1004 ‚mandata
533 941 907 1015 exsequitur:
961 946 1036 1012 et,
1093 959 1198 1017 per
1250 940 1514 998 homines
1564 943 1700 1000 talis
1750 943 1974 1018 negotii

198 1035 468 1106 artifices»,
502 1036 716 1092 itinera
746 1054 1119 1111 egressusque
1151 1036 1289 1112 ejus,
1325 1043 1613 1111 postremo
1645 1038 1771 1095 loca
1796 1044 1973 1113 atque

200 1138 467 1205 tempora
504 1137 713 1187 cuncta
744 1130 1006 1205 explorat
1031 1152 1045 1188 :
1087 1130 1311 1202 deinde,
1348 1131 1450 1187 ubi
1488 1150 1580 1187 res
1617 1132 1969 1207 postulabat,

199 1226 444 1283 insidias
487 1226 693 1283 tendit.
778 1226 976 1300 Igitur
1016 1247 1169 1284 unus
1222 1247 1298 1285 ex
1343 1246 1411 1285 eo
1452 1247 1696 1285 numero
1740 1215 1846 1305 qui
1897 1229 1972 1287 ad

196 1322 419 1381 caedem
457 1322 661 1398 parati,
701 1323 897 1398 paullo
936 1323 1321 1381 inconsultius
1358 1323 1675 1381 Massivam
1714 1326 1972 1399 adgredi·

200 1427 322 1489 tur,
376 1421 542 1477 illum
598 1422 942 1477 obtruncat:
997 1421 1097 1477 sed
1142 1421 1267 1496 ipse
1321 1421 1722 1497 deprehensuS,
1771 1423 1973 1480 multis

201 1517 592 1584 hortantibus,
639 1522 701 1576 et
750 1517 815 1572 in
860 1517 1063 1592 primis
1108 1516 1337 1573 Albino
1387 1517 1635 1588 consule,
1691 1517 1972 1575 indicium

201 1613 528 1687 profitetur.
612 1611 713 1670 Fit
752 1631 885 1668 reus
924 1612 1108 1687 magis
1149 1631 1224 1668 ex
1265 1631 1432 1687 aequo
1476 1613 1757 1688 bonoque,
1797 1633 1974 1689 quam

202 1727 283 1765 ex
321 1709 455 1783 jure
500 1709 779 1784 gentium,
823 1709 1129 1779 Bomilcar,
1170 1727 1359 1765 comes
1403 1710 1527 1784 ejus
1572 1710 1677 1783 qui
1723 1709 1972 1768 Romam

201 1805 320 1866 fide
360 1805 591 1879 publica
624 1810 879 1862 venerat.
963 1805 1055 1861 At
1090 1804 1133 1861 J
1135 1804 1403 1879 ugurtha,
1440 1805 1783 1861 manifestus
1819 1806 1973 1861 tanti

203 1899 450 1972 sceleriS‚
500 1919 621 1957 non
665 1900 825 1975 prius
871 1900 1067 1956 omisit
1116 1906 1318 1956 contra
1362 1890 1568 1956 verum
1617 1900 1747 1970 niti,
1797 1919 1973 1975 quam

204 1998 468 2054 animum
532 1997 801 2066 advertit,
878 2015 1053 2072 supra
1118 1997 1363 2071 gratiam
1426 2001 1602 2070 atque
1667 1994 1973 2070 pecuniam

203 2112 373 2151 suam
396 2093 678 2150 invidiam
698 2093 838 2149 facti
863 2112 998 2151 esse.
1082 2093 1292 2167 Igitur,
1322 2110 1672 2167 quamquam
1699 2091 1762 2146 in
1781 2090 1973 2166 priore

201 2191 433 2248 ,actione
474 2210 550 2248 ex
588 2190 785 2247 amicis
825 2191 1248 2265 quinquaginta
1285 2190 1460 2245 vades
1501 2189 1752 2258 dederat,
1797 2207 1975 2263 regno

203 2288 406 2361 magis,
449 2305 625 2361 quam
663 2285 921 2356 vadibus»,
967 2284 1284 2356 consulens,
1328 2284 1476 2340 clam
1517 2284 1583 2340 in
1629 2284 1975 2342 Numidiam

206 2381 594 2438 Bomilcarem
642 2381 908 2451 dimittit,
956 2381 1194 2451 verituS‚
1249 2398 1324 2436 ne
1376 2379 1626 2455 reliquos
1670 2380 1976 2456 populares

204 2482 400 2535 metus
444 2477 748 2533 invaderet
793 2475 1037 2551 parendi
1077 2474 1206 2545 sibi,
1257 2476 1307 2531 si
1359 2474 1432 2531 de
1484 2475 1587 2531 illo
1629 2476 1975 2560 supplicium

206 2579 469 2631 sumtum
508 2573 673 2636 foret.
757 2571 838 2627 Et
884 2571 1006 2646 ipse
1046 2570 1246 2645 paucis
1292 2569 1494 2625 diebus
1539 2570 1826 2645 profectus
1868 2577 1971 2640 est,

196 2668 399 2744 jussus
425 2667 499 2722 ab
520 2674 724 2723 senatu
746 2666 920 2742 Italia
945 2664 1230 2722 decedere.
1317 2663 1431 2720 Sed
1456 2670 1760 2740 postquam
1787 2665 1977 2722 Roma

206 2781 469 2837 egressus
501 2767 607 2832 est,
642 2761 843 2832 fertur,
877 2778 1025 2835 saepe
1044 2778 1123 2816 eo
1157 2758 1370 2815 tacitus
1400 2760 1724 2834 respiciens,
1758 2768 1976 2836 postre-

203 2876 305 2913 mo
341 2856 571 2927 dixisse,
600 2870 804 2912 mmm
832 2870 1117 2911 VENALEM
1150 2869 1223 2909 ΕΤ
1253 2868 1500 2909 MATURE
1532 2869 1890 2925 PERITURAM,
1922 2870 1976 2909 si

204 2967 528 3020 EMHOREM
560 2951 922 3008 INVENERITI

330 3045 646 3103 XXXVI.
731 3022 981 3101 Interim
1006 3043 1280 3115 Albinus,
1313 3049 1591 3101 renovato
1622 3044 1790 3113 beno,
1826 3063 1976 3101 oom-

204 3154 490 3219 meatum,-
510 3146 880 3222 stipendium,
904 3145 1130 3221 aliaque
1152 3164 1278 3221 quae
1303 3145 1589 3201 militibus
1607 3145 1739 3200 usui
1765 3144 1971 3213 forent,

196 3248 471 3316 ‚maturat
511 3243 578 3300 in
618 3242 883 3299 Africam
919 3247 1189 3318 portare3
1237 3261 1305 3298 ac
1352 3242 1550 3298 statim
1595 3242 1719 3315 ipse
1764 3240 1977 3315 profec-

205 3352 330 3422 ⁴tus2
354 3346 449 3403 uti
474 3349 610 3403 ante
643 3342 891 3415 comitia,
923 3343 1078 3419 quod
1108 3347 1337 3420 tempus
1369 3341 1524 3399 haud
1559 3341 1730 3417 longe
1757 3341 1975 3413 aberat,
