2292 3692
356 226 429 284 66
754 223 957 284 ΒΑΜ
972 182 1208 283 USTJJ‘
1247 222 1413 281 ,ητα
1423 221 1720 283 URTHA.

2234 316 2248 390 1

350 378 658 453 perculsuS‚
725 395 914 451 neque
969 376 1252 449 lacrymas
1317 380 1532 445 tenere,
1596 394 1786 452 neque
1837 377 2134 435 moderari

352 473 642 548 linguam:
684 471 778 526 vir
805 471 1067 545 egregius
1099 470 1165 525 in
1205 469 1336 528 aliis
1376 469 1618 542 artibus,
1657 471 1833 527 nimis
1872 472 2133 530 molliter

350 568 755 644 aegritudinem
781 566 924 641 pati.
1008 566 1201 635 Quam
1227 584 1350 622 rem
1363 566 1466 623 alii
1491 566 1556 622 in
1583 568 1913 641 superbiam
1940 575 2131 626 verte-

350 667 523 724 bant:
565 664 668 721 alii
694 665 911 720 bonum
939 663 1242 738 ingenium
1270 664 1621 720 contumelia
1640 682 1946 721 accensum
1974 684 2125 721 esse:
2242 643 2248 834 ι

348 760 539 831 multi,
569 760 721 835 quod
741 760 867 834 jam
895 765 1065 835 parta
1091 758 1338 815 victoria
1363 777 1438 814 ex
1464 758 1732 828 manibus
1770 760 2126 834 eriperetur:

348 856 514 913 nobis
542 855 682 911 satis
709 835 1024 936 cognitu—m]
1053 853 1224 910 illum
1259 855 1444 929 magis
1476 853 1695 918 honore
1722 854 1918 925 Marii,
1949 875 2127 931 quam
2230 879 2248 986 ff

347 951 565 1026 injuria
610 969 730 1020 sua,
779 949 1194 1019 excruciatum,
1239 967 1427 1028 neque
1473 953 1597 1005 tam
1640 948 1817 1005 anxie
1834 949 2127 1017 ‚Qm

346 1047 537 1118 fuisse,
595 1047 644 1103 si
675 1046 908 1103 ademta
946 1044 1270 1120 provincia·
1289 1029 1409 1114 alii,
1464 1062 1641 1118 quam
1688 1044 1899 1117 Mario,
1937 1046 2126 1103 trade-

2148 1157 2154 1166 ,
2196 1137 2227 1157 Χ

346 1149 524 1200 retur.

466 1236 840 1295 LXXXIII.
926 1235 1136 1311 Igitur,
1177 1255 1244 1293 eo
1285 1235 1482 1292 dolore
1521 1235 1852 1311 impeditae,
1882 1243 1944 1294 et
1986 1238 2124 1313 quia

345 1332 614 1389 stultitiae
660 1332 970 1388 videbatur
1012 1315 1263 1388 alienam
1294 1350 1421 1388 rem
1459 1331 1714 1406 periculo
1756 1351 1859 1388 suo
1900 1342 2120 1403 curare‘,

344 1425 561 1501 legatos
616 1427 689 1483 ad
744 1426 1039 1483 Bocchum
1091 1427 1298 1497 mittit,
1357 1426 1815 1501 postulatum,‘
1819 1432 1930 1485 ‘ne
1998 1430 2123 1487 sine

344 1521 543 1577 caussa
569 1521 751 1578 hostis
778 1522 990 1597 populo
1030 1522 1298 1579 Romano
1325 1522 1522 1593 fieret3
1562 1522 1773 1579 habere
1810 1527 1939 1579 tum
1967 1542 2125 1599 mag-

262 1618 267 1622 ’
342 1634 481 1672 nam
521 1617 746 1692 copiam
781 1617 1074 1674 societatis
1104 1617 1490 1692 amicitiaeque
1527 1618 1958 1693 conjungendae,
1990 1638 2121 1696 quae
2216 1506 2248 1666 4

270 1717 276 1728 “
341 1713 535 1789 potior
573 1713 724 1769 bello
765 1718 951 1771 esset.
995 1716 1346 1791 quamquam
1388 1715 1592 1790 opibus
1633 1716 1961 1787 confideret,
2001 1737 2122 1775 non
2244 1687 2247 1832 4

243 1845 255 1854 ·
341 1809 550 1866 debere
575 1810 799 1865 ineerta
825 1829 930 1884 pro
972 1812 1146 1867 certis
1186 1817 1446 1866 mutare:
1503 1829 1672 1867 omne
1705 1809 1927 1866 bellum
1965 1814 2121 1869 sumi

339 1905 523 1976 facile,
570 1910 826 1961 ceterum
872 1907 1170 1980 aegerrime
1223 1907 1521 1963 desinere.
1585 1924 1705 1962 non
1751 1905 1819 1962 in
1861 1925 1910 1982 eJ
1898 1906 2177 1967 usdem

337 2007 626 2078 potestate
651 2002 892 2057 initium
933 2001 1057 2077 ejus
1094 2007 1154 2057 et
1195 2000 1374 2058 finem
1413 2020 1563 2058 esse:
1605 2001 1862 2076 incipere
1910 1835 2247 2102 ου-ιῑιρςτῐι

220 2139 228 2152 .
338 2096 517 2153 etiam
541 2097 770 2171 ignaVO‚
790 2096 993 2153 licere·
975 2140 994 2169 ,
1038 2096 1266 2172 deponi,
1297 2115 1431 2152 cum
1459 2096 1705 2152 victores
1732 2097 1952 2156 velint:
1990 2118 2119 2174 pro·
2164 2165 2169 2176 Ι
2238 1999 2248 2150 4

337 2192 471 2249 inde
510 2192 623 2248 sibi
657 2210 950 2267 regnoque
993 2191 1332 2263 consuleret,
1375 2210 1493 2247 neu
1539 2191 1811 2248 florentes
1850 2212 1945 2250 res
1985 2214 2161 2252 suas

336 2307 470 2343 cum
522 2286 565 2343 J
568 2286 835 2363 ugurthae
873 2287 1118 2361 perditis
1158 2287 1474 2343 miseeret.''
1555 2286 1659 2343 Ad
1711 2306 1780 2343 ea
1825 2306 1933 2344 rex
1972 2290 2117 2346 satis

334 2384 558 2460 placide
575 2384 751 2439 verba
775 2383 947 2440 facit:
996 2388 1029 2415 “
1046 2402 1168 2440 sese
1188 2403 1388 2459 pacem
1416 2403 1640 2458 cupere,
1670 2383 1772 2440 sed
1797 2382 1843 2440 J
1848 2385 2116 2460 ugurthae

333 2484 701 2539 fortunarum
744 2482 1037 2553 misereri3
1071 2481 1132 2555 ¹si
1161 2482 1364 2538 eadem
1398 2481 1486 2537 illi
1514 2481 1680 2555 copia
1704 2480 1885 2553 fieret,
1919 2484 2117 2541 omnia

334 2576 740 2635 conventura.''
825 2577 1052 2635 Rursus
1077 2577 1396 2653 imperator
1421 2584 1624 2634 contra
1649 2578 1946 2652 postulata
1970 2578 2115 2636 Boc-

333 2675 429 2731 chi
464 2674 708 2732 nuncios
747 2673 968 2731 mittit:
1010 2673 1109 2730 ille
1135 2675 1394 2749 probare,
1424 2674 1640 2749 partim
1666 2674 1939 2732 abnuere.
2024 2674 2117 2732 Eo

329 2773 504 2829 modo
561 2790 710 2846 saepe
765 2772 840 2827 ab
891 2777 1142 2846 utroque
1197 2770 1386 2827 missis
1437 2769 1806 2845 remissisque
1858 2770 2108 2841 nunciis,

330 2873 561 2942 tempus
614 2866 936 2942 procedere,
993 2869 1070 2936 et,
1121 2884 1198 2923 ex
1243 2864 1476 2922 Metelli
1518 2864 1840 2937 voluntate,
1890 2865 2111 2923 bellum

330 2963 619 3046 intactum
645 2962 817 3019 trahi.
2246 3033 2247 3038 ἵ

455 3058 814 3116 LXXXIV.
875 3058 981 3115 At
1007 3031 1253 3129 Marius,
1278 3063 1347 3114 ut
1374 3076 1550 3133 supra
1576 3057 1846 3128 diximus,
1878 3058 2107 3134 cupien-
2242 3071 2248 3152 1

329 3156 557 3213 tissima
603 3154 771 3230 plebe
815 3154 1017 3212 consul
1061 3154 1267 3226 facture,
1309 3159 1617 3230 postquam
1653 3153 1710 3210 ei
1744 3153 2107 3228 provinciam
2245 3157 2248 3182 ¹

330 3250 675 3308 Numidiam
713 3250 961 3327 populus
996 3250 1190 3325 jussit,
1238 3257 1410 3307 antea
1443 3250 1569 3325 jam
1610 3249 1858 3306 infestus
1894 3249 2103 3307 nobili·
2188 3257 2199 3261 “
2245 3203 2247 3296 4

334 3346 464 3417 tati,
513 3353 641 3402 tum
687 3366 821 3403 vero
862 3346 1085 3403 multus
1126 3353 1304 3422 atque
1346 3346 1512 3404 ferox
1558 3346 1804 3404 instare:
1847 3346 2104 3422 singulos

2234 2862 2248 2890 4
