2292 3692
305 252 382 312 28
701 250 901 310 SALL
914 249 1146 309 USTII
1195 250 1248 306 J
1256 249 1361 308 UG
1375 249 1669 312 UM’HA.

297 408 403 476 est,
430 403 681 479 populus
708 403 1029 477 Romanus,
1056 402 1267 460 invicti
1292 403 1368 460 ab
1393 402 1672 473 hostibus,
1692 401 2080 477 imperatores

295 500 561 557 omnium
611 500 894 575 gentium,
942 499 1086 558 satis
1127 500 1429 557 habebatis
1482 499 1740 557 animam
1783 501 2073 558 retinere:

294 614 433 653 nam
471 597 816 655 servitutem
854 597 1091 673 quidem
1129 596 1262 671 quis
1301 600 1562 652 vestrum
1593 613 1856 653 recusare
1901 596 2076 652 aude-

293 691 437 753 bat‘l
519 695 726 770 Atque
751 714 874 771 ege,
899 694 1138 753 tametsi
1168 694 1297 750 viro
1328 692 1841 769 flagitiosissimum
1867 692 2072 750 existi-

295 807 394 846 mo
434 789 676 865 impune
714 789 995 864 injuriam
1034 789 1332 865 accepisse,
1362 793 1563 845 tamen
1595 806 1700 845 vos
1735 787 2072 845 hominibus

292 884 747 960 sceleratissimis
797 885 1108 961 ignoscere,
1165 883 1445 960 quoniam
1497 883 1652 941 cives
1704 888 1861 953 sunt,
1902 902 2071 959 aequo

292 980 489 1036 animo
526 986 772 1055 paterer,
813 981 929 1038 nisi
968 980 1360 1038 misericordia
1397 981 1463 1037 in
1509 980 1823 1055 perniciem
1867 999 2073 1038 casura

292 1080 456 1133 esset.
541 1074 701 1131 Nam
742 1081 802 1132 et
836 1075 971 1146 11116,
998 1081 1290 1151 quantum
1325 1074 1790 1150 importunitatis
1829 1073 2067 1145 habent,

291 1188 500 1246 parum
538 1176 643 1242 est,
684 1172 925 1246 impune
962 1170 1115 1228 male
1154 1170 1370 1243 fecisse,
1412 1170 1529 1228 nisi
1568 1170 1779 1228 deinde
1817 1171 2071 1228 faciendi

290 1263 529 1321 lieentia
568 1265 852 1340 eripitur:
894 1271 956 1322 et
992 1264 1159 1322 vobis
1197 1270 1415 1322 aeterna
1446 1266 1776 1323 sollicitudo
1813 1285 2076 1324 remane-

291 1362 398 1432 bit,
441 1381 576 1419 611111
628 1362 985 1438 inteUigetis,
1041 1367 1147 1418 aut
1199 1362 1573 1420 serviendum
1625 1381 1763 1433 esse,
1807 1368 1911 1419 aut
1961 1382 2073 1438 per

291 1474 499 1514 manus
548 1457 880 1515 libertatem
925 1457 1307 1515 retinendam.
1408 1458 1569 1515 Nam
1621 1458 1760 1515 fidei
1811 1458 2067 1535 quidem,

291 1558 396 1608 aut
436 1553 772 1621 concordiae,
811 1572 942 1630 quae
983 1555 1157 1629 spes?
1213 1553 1504 1611 dominari
1555 1552 1647 1610 illi
1697 1553 1922 1625 volunt,
1961 1571 2071 1610 vos

290 1647 460 1705 liberi
486 1666 645 1721 esse;
687 1649 873 1706 faeere
903 1647 992 1704 illi
1027 1647 1289 1723 injurias,
1320 1667 1426 1705 vos
1464 1648 1810 1724 prohibere:
1851 1653 2073 1723 postre-

289 1760 388 1800 mo
424 1745 594 1803 sociis
632 1745 841 1803 vestris
879 1745 1066 1804 veluti
1104 1745 1385 1816 hostibus„
1428 1746 1693 1804 hostibus
1730 1766 1838 1822 pro
1878 1747 2067 1819 sociis,

289 1844 559 1910 utuntur.
642 1839 920 1898 Potestne
949 1840 1015 1896 in
1048 1844 1175 1897 tam
1211 1838 1456 1897 diversis
1482 1840 1776 1908 mentibus
1801 1860 1933 1916 pax,
1958 1849 2072 1898 aut

289 1937 549 1995 amicitia
592 1939 754 1995 66662
837 1937 1032 2006 Quare
1072 1955 1280 1996 moneo
1332 1938 1666 2012 hortorque,
1712 1955 1789 1994 116
1831 1943 2075 1993 tantum

289 2035 473 2091 scelus
521 2034 881 2110 impunitum
933 2033 1234 2089 omittatis.
1327 2032 1470 2089 Non
1521 2032 1824 2108 peculatus
1876 2031 2072 2089 aerarii

287 2129 477 2186 faetus
504 2136 608 2200 est,
637 2148 827 2205 neque
853 2148 957 2205 per
980 2129 1103 2185 vim
1138 2129 1308 2185 sociis
1335 2135 1547 2205 ereptae
1583 2130 1875 2205 pecuniae:
1914 2148 2067 2205 quae,

287 2246 641 2303 quamquam
666 2227 879 2301 gravia,
908 2232 1106 2284 tamen
1140 2227 1556 2285 consuetudine
1572 2228 1699 2302 jam
1734 2246 1842 2302 pro
1879 2225 2071 2283 nihilo

287 2322 597 2381 habentur.
651 2321 860 2379 'Hosti
905 2323 1184 2380 acerrimo
1223 2323 1456 2397 prodita
1496 2322 1686 2379 senati
1730 2320 2067 2389 auctoritas,

287 2418 584 2493 proditum
607 2418 921 2492 imperium
948 2424 1242 2476 vestrum:
1286 2418 1445 2474 domi
1464 2417 1807 2493 militiaeque
1830 2416 2072 2491 respub*

286 2514 406 2571 11611.ἱ
438 2513 660 2570 venalis
699 2514 832 2575 fuit.
916 2513 1060 2582 Quae
1098 2514 1213 2570 nisi
1254 2515 1500 2589 quaesita
1541 2519 1733 2583 erunt,
1776 2512 1844 2569 ni
1880 2512 2074 2569 vindi-

285 2618 484 2669 catum
517 2611 588 2668 in
622 2610 848 2682 noxios,
885 2610 1034 2686 quid
1068 2610 1377 2685 reliquum,
1419 2610 1537 2666 nisi
1574 2616 1645 2666 ut
1684 2609 1822 2681 illie,
1856 2609 1961 2685 qui
1999 2627 2074 2666 ea

287 2709 484 2779 fecere,
528 2709 859 2766 obedientes
912 2708 1221 2769 vivamus‘e
1275 2727 1416 2765 nam
1467 2709 1708 2783 impune
1754 2725 1883 2783 quae
1921 2707 2073 2765 libet

285 2807 486 2876 faeere,
527 2805 590 2861 id
631 2811 719 2862 est
757 2823 955 2880 regem
993 2821 1131 2862 esse.
1228 2803 1440 2878 Neque
1481 2821 1587 2878 ego
1625 2821 1745 2874 vos,
1788 2801 2069 2873 Quirites,

284 2902 500 2972 hortor,
532 2906 602 2956 ut
626 2899 845 2957 malitis
885 2900 1042 2957 cives
1067 2904 1290 2956 vestros
1325 2916 1642 2973 perperam,
1673 2916 1850 2974 quam
1888 2904 2070 2970 recte,

284 2999 516 3071 feciss03
557 2999 658 3054 sed
683 3016 775 3069 116,
799 2997 1145 3073 ignoscendo
1172 2996 1356 3067 malie,
1378 2997 1558 3053 bonos
1583 2995 1876 3072 perditum
1902 2996 2067 3061 eatis.

284 3094 390 3151 Ad
441 3095 565 3163 1166,
606 3094 672 3149 111
713 3093 1008 3168 republica
1058 3093 1248 3149 multo
1299 3097 1536 3167 praestat
1585 3091 1852 3149 beneficii
1888 3111 2073 3166 quam

284 3189 554 3246 maleficii
578 3189 973 3245 immemorem
1001 3207 1161 3247 esse:
1190 3190 1376 3245 bonus
1400 3188 1808 3245 tantummodo
1835 3189 2072 3262 segnior

284 3283 372 3353 fit,
400 3283 507 3341 ubi
531 3284 789 3358 negligas
810 3302 829 3354 3
871 3289 937 3340 at
961 3284 1150 3341 malus
1183 3284 1516 3359 improbior.
1606 3282 1709 3341 Ad
1744 3282 1871 3356 1166,
1901 3284 1953 3342 61
1978 3284 2071 3341 in·

277 3380 449 3454 juriae
476 3400 596 3437 non
621 3381 757 3453 sint,
787 3379 944 3437 haud
963 3398 1118 3456 saepe
1145 3380 1357 3437 auxilii
1383 3378 1598 3455 egeas·”
