2292 3692
557 267 759 327 SALL
773 265 1000 326 USTII
1044 265 1512 326 JUGURTHA.
1847 268 1921 325 93

147 428 355 485 fieret:
396 443 583 498 neque
619 422 911 479 hominem
948 422 1217 492 nobilem,
1256 442 1374 479 non
1413 442 1518 479 sua
1548 424 1794 499 ignavia,
1824 424 1955 516 sed7

146 524 226 579 ob
254 520 689 596 rempublicam,
718 520 783 576 in
809 519 1066 575 hostium
1092 524 1394 594 potestate,
1425 518 1691 576 relictum
1718 519 1843 586 irig’
1955 553 2015 602 ”⁴1

274 616 511 674 CXIII.
596 615 745 672 Haec
771 614 1017 671 Maurus
1042 632 1236 671 secum
1261 613 1383 688 ipse
1410 613 1511 669 diu
1535 614 1771 671 volvens
1796 619 1922 671 tan-

148 713 284 768 dem
312 712 579 787 promisit
599 731 617 781 3
659 716 915 768 ceterum
941 710 1086 778 dolo,
1124 728 1201 765 an
1237 728 1385 781 vere,
1418 728 1624 784 parum
1650 710 1924 785 comperi-

147 827 299 864 mus,
404 806 519 862 Sed
582 806 921 880 plerumque
982 807 1153 879 regiae
1220 806 1569 876 voluntateS‚
1634 811 1703 862 ut
1755 806 1922 862 vehe-

148 908 394 969 mentes,
434 900 515 955 sic
547 899 803 970 mobiles,
854 919 1002 974 saepe
1037 899 1173 974 ipsae
1211 900 1320 955 sibi
1346 901 1610 957 adversae.
1695 901 1920 967 Postea,

149 1006 415 1069 tempore
450 1002 511 1051 et
545 995 670 1050 loco
709 996 1044 1064 constituto,
1081 996 1142 1050 in
1180 995 1532 1068 colloquium
1558 995 1650 1050 uti
1687 995 1758 1051 de
1784 1014 1921 1070 pace

147 1092 468 1160 veniretur,
501 1089 759 1146 Bocchus
782 1088 1001 1145 Sullam
1030 1090 1212 1159 modo,
1245 1090 1413 1145 modo
1440 1088 1483 1145 J
1484 1088 1749 1164 ugurthae
1779 1091 1922 1163 lega-

148 1190 282 1239 tum
311 1185 615 1258 adpellare,
645 1184 890 1257 benigne
915 1183 1140 1253 habere,
1170 1183 1324 1240 idem
1345 1184 1624 1240 ambobus
1642 1185 1916 1259 polliceri.

152 1281 260 1338 Illi
301 1281 519 1356 pariter
556 1281 693 1350 laeti,
737 1299 804 1335 ac
844 1280 964 1353 spei
1011 1281 1174 1335 bonae
1208 1280 1382 1355 pleni.
1471 1278 1584 1335 Sed
1627 1285 1794 1336 nocte
1835 1300 1918 1352 ea,

150 1394 285 1449 quae
314 1374 581 1450 proxima
607 1375 721 1430 fuit
747 1381 883 1431 ante
919 1358 1070 1430 diem
1099 1374 1383 1449 colloquio
1410 1374 1722 1445 decretum,
1752 1375 1921 1433 Mau-

151 1489 271 1540 ωε,
302 1470 579 1526 adhibitis
611 1469 825 1540 amiciS,
875 1488 941 1524 ac
981 1470 1198 1541 statim,
1247 1471 1558 1525 immutata
1603 1470 1919 1537 voluntate,

150 1565 409 1635 remotis»,
442 1564 657 1620 dicitur
682 1582 873 1620 secum
893 1565 1013 1638 ipse
1040 1564 1226 1619 multa
1253 1564 1575 1638 agitavisse,
1607 1564 1776 1620 vultu
1805 1584 1922 1620 cor-

150 1662 313 1736 poris
337 1661 569 1735 pariter,
599 1665 773 1733 atque
801 1659 1010 1729 animo,
1040 1659 1264 1715 varius:
1294 1678 1420 1733 quae
1443 1659 1676 1730 scilicet,
1696 1666 1920 1715 tacente

150 1758 298 1831 ipso,
345 1754 570 1811 occulta
621 1753 867 1828 pectoris
919 1753 1264 1828 patefecisse.
1364 1752 1582 1808 Tamen
1634 1764 1921 1827 postremo

153 1853 382 1911 Sullam
423 1850 685 1906 accersiri
719 1849 904 1923 jubet,
947 1853 1009 1904 et
1051 1867 1124 1903 ex
1167 1847 1290 1921 ejus
1326 1849 1614 1905 sententia
1651 1849 1922 1905 Numidas

151 1948 398 2006 insidias
432 1946 638 2003 tendit.
723 1944 965 2014 Deinde,
1002 1943 1107 1999 ubi
1142 1944 1264 1999 dies
1299 1944 1552 2017 advenit,
1591 1950 1652 2000 et
1683 1946 1738 2001 ei
1778 1965 1923 2001 nun-

153 2045 375 2101 ciatum
405 2047 505 2110 est,
527 2041 567 2096 J
574 2038 884 2115 ugurtham
911 2038 1067 2095 haud
1093 2038 1293 2114 procul
1321 2040 1527 2112 abesse,
1560 2059 1692 2096 cum
1728 2045 1924 2116 paucis

152 2137 361 2195 amicis
390 2142 452 2191 et
479 2140 761 2209 quaestore
788 2140 1003 2203 nostr0,
1033 2134 1198 2208 quasi
1225 2134 1428 2190 obvius
1448 2135 1681 2192 honoris
1707 2157 1919 2210 caussa,

153 2230 421 2309 procedit
460 2230 523 2285 in
578 2229 888 2299 tumulum,
951 2229 1289 2285 facillimum
1329 2232 1458 2286 visu
1498 2232 1921 2293 insidiantibus

156 2327 386 2384 Eodem
415 2324 675 2381 Numida
702 2343 834 2380 cum
855 2323 1141 2399 plerisque
1168 2327 1496 2382 necessariis
1515 2328 1647 2398 suis,
1672 2330 1921 2400 inermis,

154 2424 251 2479 uti
287 2422 511 2478 dictum
552 2425 691 2491 erat,
734 2405 991 2492 accedit3
1031 2439 1096 2476 ac
1132 2421 1348 2491 statim,
1394 2422 1556 2496 signo
1582 2423 1734 2495 dat0,
1766 2425 1927 2482 undi-

156 2512 274 2594 que
314 2515 487 2572 simul
528 2535 601 2571 ex
641 2514 867 2570 insidiis
911 2515 1223 2573 invaditur.
1328 2515 1520 2573 Ceteri
1558 2520 1925 2581 obtruncati:

156 2614 201 2672 J
204 2612 460 2689 ugurtha
487 2610 661 2667 Sullae
688 2611 921 2666 vinctus
957 2611 1226 2681 traditur,
1262 2617 1323 2667 et
1361 2613 1434 2668 ab
1466 2632 1533 2670 eo
1568 2614 1643 2670 ad
1669 2614 1928 2674 Marium

41 2769 52 2784 ,
123 2754 130 2760 .
157 2710 444 2766 deductus
472 2711 573 2762 est.

281 2801 515 2859 CXIV.
599 2801 714 2857 Per
765 2800 919 2856 idem
972 2806 1203 2876 tempus
1255 2802 1560 2860 adversum
1607 2804 1803 2861 Gallos
1855 2804 1930 2860 ab

159 2898 406 2956 ducibus
432 2897 660 2967 nostris,
692 2895 758 2963 Q.
783 2895 1050 2970 Caepione
1070 2903 1130 2954 et
1159 2896 1242 2956 M.
1275 2896 1517 2968 Manli0,
1545 2898 1696 2955 male
1719 2918 1932 2973 pugna-

45 3009 48 3040 ’κ
160 3001 332 3064 tum;
375 3010 490 3067 quo
530 2997 690 3047 metu
732 2992 909 3047 Italia
949 2992 1136 3048 omnis
1172 2998 1610 3050 contremuerat.
1695 2994 1928 3069 Illique,

160 3099 222 3144 et
258 3087 396 3144 inde
435 3086 508 3143 ad
545 3090 802 3141 nostram
835 3087 1171 3142 memoriam
1214 3086 1480 3161 Romani,
1524 3088 1605 3145 sic
1642 3077 1931 3162 habuere,

161 3183 280 3239 alia
320 3180 514 3236 omnia
552 3180 766 3235 virtuti
805 3199 920 3236 suae
961 3199 1143 3256 prona
1183 3200 1341 3254 esse3
1406 3202 1538 3239 cum
1589 3181 1772 3240 Gallis
1823 3202 1930 3259 pro

163 3280 370 3344 salute,
398 3296 516 3332 non
543 3295 648 3350 pro
673 3276 871 3350 gloria,
901 3282 1137 3334 certare.
1221 3276 1350 3349 Sed,
1379 3277 1686 3354 postquam
1712 3278 1931 3336 bellum

164 3374 228 3430 in
257 3371 541 3429 Numidia
572 3373 912 3440 confectum,
947 3379 1007 3429 et
1046 3372 1089 3430 J
1091 3373 1405 3447 ugurtham
1433 3373 1697 3431 vinctum
1722 3373 1932 3431 adduci
