2292 3692
302 227 380 297 26
698 229 1152 294 SALLUSTII
1198 234 1675 296 JUGURTHA‘.

303 404 594 462 quamque
632 385 814 443 inulti
852 387 1135 462 perierint
1174 387 1354 445 vestri
1392 389 1753 462 defensores;
1797 395 1868 447 ut
1906 391 2085 450 vobis

303 484 530 539 animus
568 484 642 539 ab
680 484 916 557 ignavia
967 487 1144 559 atque
1187 483 1446 542 secordia
1484 491 1793 561 corruptus
1830 487 1924 558 sit,
1967 490 2078 563 qui

302 597 384 662 ne·
418 597 573 635 nune
613 580 866 655 quidem,
908 578 1177 635 obnoxiis
1216 578 1482 653 inimicis,
1523 581 1849 657 exsurgitis,
1893 590 2079 659 atque

302 675 479 732 etiam
530 694 689 733 nunc
730 676 965 746 timetis,
1008 677 1223 751 quibus
1268 677 1434 735 decet
1475 679 1686 735 terrori
1738 698 1877 737 esse.
1958 680 2077 737 Sed

301 789 653 847 quamquam
689 771 813 828 haec
843 770 987 828 talia
1012 779 1170 842 sunt,
1201 779 1401 830 tamen
1430 774 1662 832 obviam
1689 775 1776 832 ire
1803 776 2075 834 factionis

301 868 575 941 potentine
616 867 845 923 animus
883 867 1141 942 subigit:
1196 875 1352 926 certe
1392 888 1497 945 ego
1549 871 1894 943 libertatem,
1939 892 2079 949 quae

300 961 448 1017 mihi
474 980 510 1017 a
531 967 773 1037 parente
797 963 1017 1021 tradita
1042 969 1146 1034 est,
1179 965 1447 1040 experiar
1470 986 1484 1023 ε
1512 985 1717 1023 verum
1744 968 1808 1023 id
1835 969 2081 1040 frustra,

298 1073 377 1113 an
417 1058 492 1114 ob
530 1076 655 1115 rem
678 1087 682 1092 ·
705 1059 929 1130 faciam,
971 1060 1036 1116 in
1075 1066 1272 1116 vestra
1323 1079 1503 1118 manu
1548 1063 1745 1135 situm,
1793 1063 2070 1131 Quirites,

301 1155 509 1231 Neque
536 1173 639 1231 ego
669 1157 888 1225 hortor,
915 1158 1071 1233 quod
1097 1176 1247 1233 saepe
1277 1159 1520 1233 majores
1545 1161 1728 1217 vestri
1753 1161 1953 1232 fecere,
1975 1161 2074 1218 uti

300 1259 501 1309 contra
517 1253 768 1328 injurias
793 1255 1003 1310 armati
1029 1255 1193 1313 eatis,
1276 1255 1448 1311 Nihil
1473 1255 1551 1327 vi,
1578 1256 1731 1313 nihil
1758 1257 2075 1315 secessione

300 1368 480 1423 opus:
535 1361 764 1407 necesse
803 1357 890 1407 est
928 1357 1153 1407 suomet
1194 1352 1305 1426 ipsi
1345 1370 1503 1408 more
1544 1352 1868 1429 praecipites
1911 1360 2071 1414 eant.

301 1444 506 1501 Occiso
533 1446 765 1503 Tiberio
793 1446 1067 1516 GracchO,
1097 1466 1274 1523 quem
1305 1466 1548 1522 regnum
1586 1466 1790 1523 parare
1815 1448 2071 1519 aiebant,

299 1540 364 1596 in
415 1540 643 1616 plebem
682 1540 1009 1599 Romanam
1049 1542 1394 1617 quaestiones
1442 1542 1657 1601 habitae
1703 1548 1879 1600 sunt:
1938 1553 2076 1618 post

301 1636 365 1695 O.
410 1637 659 1694 Gracchi
696 1644 758 1695 et
796 1638 881 1696 M.
925 1638 1124 1696 Fulvii
1164 1639 1395 1712 caedem,
1436 1641 1585 1699 item
1627 1642 1812 1700 vestri
1851 1642 2074 1700 ordinis

299 1733 475 1791 multi
501 1737 773 1794 mortales
799 1737 862 1793 in
890 1756 1116 1795 carcere
1142 1739 1337 1795 necati
1356 1733 1529 1796 sunti
1555 1739 1861 1814 utriusque
1887 1739 2074 1798 cladis

298 1850 418 1887 non
457 1832 572 1903 leX,
603 1852 806 1890 verum
845 1834 1050 1890 lubido
1086 1853 1287 1891 eorum
1325 1834 1504 1891 finem
1541 1834 1697 1891 fecit.
1779 1833 1891 1890 Sed
1931 1852 2074 1891 sane

298 1929 477 1986 fuerit
529 1931 696 2004 regni
747 1931 988 2005 paratio,
1031 1930 1190 2006 plebi
1233 1949 1338 1987 sua
1382 1931 1726 1988 restituere:
1781 1929 2073 2005 quidquid

299 2026 436 2082 sine·
457 2027 737 2100 sanguine
763 2026 981 2082 civium
1014 2026 1217 2083 ulcisci
1243 2027 1538 2102 nequitur,
1558 2027 1693 2101 jure
1723 2026 1943 2083 factum
1969 2027 2069 2086 sit.

300 2121 705 2196 Superioribus
745 2122 914 2178 annis
952 2123 1118 2179 taciti
1158 2122 1636 2197 indignabamini,
1665 2121 1933 2178 aerarium
1973 2140 2075 2177 ex·

298 2215 509 2290 pilari3
547 2231 712 2290 reges
748 2221 812 2272 et
848 2216 1091 2291 populos
1123 2216 1333 2273 liberos
1373 2217 1571 2291 paucis
1610 2216 1901 2272 nobilibus
1940 2232 2074 2270 vec⁶

298 2312 443 2385 tigal
481 2313 768 2387 pendere3
810 2330 983 2387 penes
1022 2312 1252 2368 eosdem
1294 2316 1357 2368 et
1395 2329 1679 2369 summam
1716 2310 1977 2384 gloriam,
2007 2315 2075 2366 et

298 2409 582 2465 maximas
621 2408 857 2465 divitias
895 2427 1053 2467 esse:
1100 2415 1298 2466 tamen
1339 2408 1459 2465 haec
1491 2407 1635 2464 talia
1669 2407 1923 2463 facinora
1960 2405 2071 2462 im-

298 2521 447 2577 pune
506 2503 831 2577 suscepisse,
887 2522 1095 2578 parum
1152 2504 1406 2559 habuere
1431 2524 1451 2561 2
1512 2504 1715 2578 itaque
1772 2506 2072 2577 postremo

298 2598 469 2672 leges,
506 2598 775 2673 majestas
815 2604 1026 2669 vestra,
1055 2599 1258 2655 divina
1298 2604 1358 2655 et
1397 2598 1654 2655 humana
1688 2597 1896 2669 omnia,
1938 2596 2072 2653 hos-

297 2693 457 2751 tibus
495 2694 714 2751 tradita
750 2700 902 2751 sunt.
988 2695 1200 2770 Neque
1239 2714 1357 2765 eos,
1393 2695 1499 2770 qui
1537 2714 1609 2751 ea
1641 2694 1841 2765 fecere,
1883 2692 2072 2769 pudet

297 2798 403 2848 aut
441 2793 722 2867 poenitet:
763 2793 863 2850 sed
903 2793 1187 2850 incedunt
1225 2812 1330 2868 per
1375 2812 1477 2850 ora
1512 2799 1707 2849 vestra
1743 2790 2071 2867 magnifice,

296 2887 613 2944 sacerdotia
651 2894 715 2944 et
764 2889 1113 2959 consulatus,
1158 2907 1295 2964 pars
1334 2887 1660 2963 triumphos
1702 2905 1834 2943 suos
1879 2892 2072 2944 osten-

207 2983 221 2990 ’
297 2991 491 3042 tantes
514 3004 528 3042 ε
568 2984 807 3059 perinde
848 2985 1014 3060 quasi
1041 3004 1110 3040 ea
1143 2984 1365 3056 honori,
1394 3003 1517 3041 non
1542 2983 1765 3059 proedae,
1794 2981 2069 3042 habeant6

298 3081 465 3137 Servi
489 3099 601 3138 aere
626 3079 815 3156 parati
845 3079 1091 3155 imperia
1126 3078 1209 3154 inj
1218 3085 1349 3136 usta
1385 3079 1754 3136 dominorum
1787 3096 1905 3134 non
1942 3097 2072 3153 per-

270 3175 534 3235 'feruntz
576 3196 694 3248 vos,
740 3176 1013 3247 Quirites,
1052 3176 1296 3250 imperio
1336 3175 1479 3242 nati,
1511 3193 1677 3249 oequo
1717 3174 1909 3230 animo
1950 3193 2069 3230 ser.-

298 3274 551 3329 vitutem
590 3274 852 3331 toleratis
880 3275 893 3331 1
945 3269 1038 3329 At
1076 3273 1183 3348 qui
1219 3279 1360 3330 sunt
1396 3273 1475 3342 hi,
1506 3272 1611 3347 qui
1648 3270 2071 3348 rempublicam

2252 3075 2255 3156 ι

2250 3195 2255 3286 3*

300 3371 687 3445 occupa-vere?
736 3370 996 3426 homines
1022 3368 1461 3439 sceleratissimi,
1492 3367 1749 3426 cruentis
1774 3366 2065 3440 manibus,
2244 3349 2253 3652 ἆ
