2292 3692
101 2650 169 2761 ‘L

311 240 387 298 26
743 239 946 300 ΒΑΜ
956 241 1190 302 USTJJ
1240 241 1338 302 cA
1348 223 1654 303 TJHNA.

307 412 413 473 per
443 415 520 466 se,
556 400 663 452 aut
697 413 802 471 per
840 395 984 454 alios
1029 397 1417 471 sollicitabat3
1458 416 1666 474 neque*
1688 398 1875 457 solum
1911 398 2076 472 cives,

305 491 404 548 sed
433 492 712 567 cujusque
748 493 910 550 modi
946 512 1130 570 genus
1170 494 1493 567 hominum,
1533 493 1690 570 quod
1724 495 1895 552 modo
1930 495 2077 554 bello

234 616 240 636 ε
307 588 439 644 usui
465 589 634 646 foret.

303 706 307 711 ’
423 680 560 739 XL.
645 682 843 758 Igitur
881 682 948 741 P.
991 683 1296 763 Umbreno
1336 684 1567 742 cuidam
1606 684 1908 760 negotium
1960 685 2072 758 dat,

303 782 397 851 uti
431 783 652 859 legatos
677 784 1068 860 Allobrogum
1092 786 1376 861 requirat,
1414 801 1639 859 eosque,
1669 781 1719 839 si
1744 781 1943 857 possit,
1972 782 2077 840 im-

303 879 484 954 pellat
512 879 588 936 ad
613 880 949 938 societatem
987 881 1130 938 belli
1151 901 1170 954 3
1211 881 1571 955 existimans,
1615 877 1847 954 publice
1889 878 2075 954 priva-

302 976 529 1050 timque
569 994 683 1032 aere
722 976 913 1034 alieno
951 996 1271 1054 oppressos,
1313 982 1609 1054 praeterea,
1660 976 1819 1052 quod
1863 982 2075 1033 natura

301 1089 443 1146 gens
470 1071 693 1130 Gallica
718 1073 990 1132 bellicosa
1016 1079 1181 1145 esset,
1211 1073 1379 1131 facile
1407 1092 1502 1130 eos
1529 1073 1601 1129 ad
1628 1073 1746 1130 tale
1768 1073 2069 1131 consilium

300 1164 512 1224 adduci
553 1182 732 1243 posse.
814 1169 1176 1240 UmbrenuS,
1218 1169 1376 1245 quod
1409 1169 1475 1226 in
1508 1167 1705 1225 Gallia
1743 1169 2074 1244 negotiatus

298 1268 441 1334 erat,
471 1263 762 1340 plerisque
788 1265 1147 1340 principibus
1168 1265 1503 1321 civitatium
1528 1269 1706 1321 notus
1726 1269 1868 1335 erat,
1898 1270 2075 1341 atque

297 1377 398 1416 eos
422 1366 706 1437 noveratxz
748 1360 948 1437 itaque
973 1362 1100 1419 sine
1126 1379 1303 1433 mora,
1342 1361 1448 1418 ubi
1483 1361 1738 1437 primum
1763 1360 1986 1435 legatos
2011 1359 2075 1416 in

293 1455 426 1512 foro
452 1438 776 1532 ‘conspeitiss
819 1462 1229 1532 percunctatus
1267 1475 1452 1532 pauca
1490 1457 1563 1515 de
1602 1444 1762 1513 statu
1801 1455 2073 1527 civitatis,

297 1557 361 1609 et
399 1552 567 1627 quasi
604 1552 804 1609 dolens
844 1554 970 1628 ejus
1010 1572 1224 1631 casum,
1266 1553 1561 1628 requirere
1602 1551 1792 1627 coepit,
1846 1555 1883 1584 ‘⁴
1900 1569 2074 1627 quem

291 1641 526 1704 exitum
551 1649 736 1705 tantis
761 1649 930 1705 malis
955 1654 1257 1724 sperarent
1269 1649 1325 1706 ’θ’
1406 1646 1730 1733 Postquam
1756 1646 1890 1705 illos
1912 1644 2077 1702 videt

298 1745 337 1775 “
350 1743 521 1819 queri.
559 1744 631 1801 de
667 1743 916 1816 avaritia
956 1744 1424 1821 magistratuum,
1474 1761 1742 1801 accusare
1783 1747 2070 1812 senatum,
2115 1805 2118 1808 Δ

293 1840 451 1914 quod
476 1839 541 1896 in
568 1859 636 1899 eo
661 1840 872 1897 auxilii
898 1839 1052 1896 nihil
1082 1844 1232 1898 esset
1251 1859 1270 1912 3
1308 1839 1557 1896 miseriis
1594 1838 1715 1896 suis
1748 1836 2073 1895 remedium

292 1939 542 1990 mortem
600 1942 936 2015 exspectare
961 1938 1007 1993 :'’
1075 1939 1110 1968 “
1126 1935 1220 1992 At
1277 1936 1431 2010 eg0,”
1473 1912 1684 2009 inquit,
1738 1937 1776 1967 “
1794 1932 1977 2005 vobis,
2020 1933 2100 2016 si*

289 2029 462 2086 modo
501 2030 617 2086 viri
657 2050 778 2088 esse
816 2031 1013 2101 vultis,
1058 2031 1347 2088 rationem
1387 2029 1690 2087 ostendam
1737 2044 1855 2104 qua
1900 2033 2075 2087 tants

289 2124 406 2180 ista
446 2126 602 2182 mala
644 2127 983 2201 effugiatis.'’
1066 2126 1217 2184 Haec
1256 2126 1360 2182 ubi
1399 2125 1571 2196 dixit,
1616 2123 1965 2200 Allobroges
2003 2125 2072 2183 in

289 2213 607 2276 maximam
665 2239 828 2296 spem
882 2222 1123 2280 adducti
1173 2222 1548 2281 Umbrenum
1599 2240 1779 2292 orare,
1829 2220 1923 2278 uti
1975 2221 2073 2278 sui

291 2315 664 2372 misereretur
690 2337 702 2373 ε
753 2316 906 2373 nihil
945 2321 1070 2374 tam
1109 2335 1397 2393 asperum,
1439 2335 1631 2391 neque
1668 2320 1793 2373 tam
1831 2315 2073 2374 difficile

288 2429 426 2480 esse,
468 2411 624 2486 quod
658 2430 780 2468 non
807 2412 1176 2488 cupidissime
1210 2411 1427 2470 facturi
1465 2416 1678 2481 essent,
1709 2411 1853 2467 dum
1878 2429 1948 2468 ea
1973 2428 2073 2467 res

287 2505 588 2563 civitatem
637 2525 751 2564 aere
804 2507 998 2566 alieno
1053 2508 1344 2567 liberaret.
1430 2506 1546 2564 Ille
1585 2525 1682 2563 eos
1720 2506 1787 2564 in
1825 2506 2072 2565 domum

286 2597 363 2656 D.
415 2599 593 2658 Bruti
633 2602 939 2678 perducit-‚3
982 2604 1138 2681 quod
1172 2604 1299 2662 foro
1335 2602 1663 2678 propinqua
1695 2607 1837 2673 erat,
1874 2621 2073 2678 neque

268 2693 479 2773 Riiflm
496 2697 739 2768 consilii,
769 2704 1008 2775 propter
1034 2698 1436 2775 Semproniam
1454 2716 1473 2769 3
1513 2715 1654 2753 nam
1679 2702 1811 2756 tum
1838 2696 2073 2756 Brutus

280 2790 358 2846 ab
397 2790 588 2849 Roma
626 2794 842 2853 aberat.
926 2796 1224 2855 Praeterea
1279 2795 1599 2854 Gabinium
1646 2795 1902 2865 accersit,
1945 2814 2074 2871 quo

282 2885 468 2961 major
492 2890 808 2946 auctoritas
835 2893 1087 2948 sermoni
1104 2892 1323 2950 inesset
1352 2912 1365 2951 ε
1408 2911 1476 2950 eo
1504 2896 1785 2968 praesente
1804 2890 2075 2992 cijnra·

280 2980 503 3038 tionem
530 2984 719 3059 aperit
739 3004 758 3057 3
799 2986 1066 3043 nominat
1092 2987 1293 3057 socios,
1327 2988 1609 3062 praeterea
1634 2985 1852 3042 multos
1877 2985 2077 3060 cujus-

280 3097 396 3153 que
420 3081 650 3154 generis
675 3080 965 3152 innoxioS,
990 3099 1105 3156 quo
1131 3080 1342 3157 legatis
1367 3081 1598 3138 animus
1612 3080 1860 3154 amplior
1877 3085 2037 3137 esset
2048 3098 2071 3154 3

243 3187 254 3199 ⁹
281 3172 490 3230 deinde
517 3193 613 3231 eos
639 3173 929 3249 pollicitos
954 3192 1190 3249 operam
1215 3194 1381 3233 suam
1407 3175 1643 3232 domum
1671 3174 1940 3232 ‹limittit-

216 3326 253 3343 ..
399 3266 570 3326 XLI.
657 3267 771 3325 Sed
825 3268 1177 3344 Allobroges
1232 3270 1336 3328 diu
1389 3270 1456 3328 in
1510 3269 1732 3326 incerto
1787 3268 2070 3361 habuere,

215 3354 221 3359 ’
281 3359 564 3434 quidnam
602 3361 832 3420 consilii
872 3369 1157 3439 caperent.
1259 3363 1338 3423 In
1387 3354 1585 3421 altera'
1609 3367 1778 3438 parte
1817 3367 1945 3421 erat
1983 3381 2076 3422 ωε
