2292 3692
627 238 833 301 SALL
845 238 1078 301 USTH
1127 238 1548 302 CATILINA.
1890 240 1961 300 11

196 392 567 451 consulatum
612 392 847 469 petenti·
884 410 1099 467 magna
1146 409 1319 468 spes:
1371 395 1610 449 senatus
1646 389 1798 448 nihil
1835 408 1974 448 sane

194 488 502 548 intentus?
532 494 684 547 tutae
707 488 1155 565 tranquillaeque
1178 505 1272 546 res
1299 504 1537 560 omnes3
1576 486 1679 546 sed
1713 472 1783 544 ea
1813 504 1973 563 pror·

193 605 296 643 sus
321 591 654 662 opportuna
681 584 965 642 Catilinae.
1659 614 1672 623 ·

319 678 538 740 XVII.
625 681 823 758 Igitur
856 672 1095 739 circiter
1131 679 1435 739 Kalendas
1470 679 1516 739 J
1519 698 1701 750 umas,
1729 624 1815 736 L.
1844 677 1965 736 Cae·

195 797 328 836 sare
352 785 416 836 et
441 778 511 838 C.
532 777 743 855 Figulo
766 777 1118 851 consulibus,
1146 778 1339 855 primo
1364 777 1624 853 singulos
1647 775 1970 852 adpellare,

193 874 425 932 hortari
474 873 635 967 alios,
687 873 834 932 alios
876 880 1147 963 tentare;
1215 892 1354 950 opes
1410 892 1561 945 suas,
1616 872 1970 948 imparatam

193 970 634 1047 rempublicam,
653 988 867 1047 magna
884 970 1122 1046 praemia
1139 987 1267 1045 conJ
1252 969 1560 1028 urationis
1578 968 1799 1027 docere.
1841 965 1971 1025 Ubi

194 1066 342 1122 satis
366 1065 672 1141 explorata
696 1071 851 1138 sunt,
894 1084 1025 1142 qun
1049 1065 1258 1138 voluit,
1287 1065 1354 1122 111
1376 1083 1566 1122 unum
1603 1060 1805 1121 omnes
1836 1081 1971 1121 con·

192 1168 381 1237 vocat,
393 1162 610 1237 quibus
626 1162 886 1220 maxima
902 1161 1268 1220 necessitudo
1284 1167 1348 1218 et
1367 1156 1693 1236 plurimum
1714 1158 1968 1216 audaciae

193 1257 404 1316 inerat.
485 1258 577 1315 Eo
615 1276 951 1330 convenere,
991 1257 1270 1316 senatorii
1307 1256 1543 1328 ordinis,
1585 1255 1656 1313 P.
1684 1254 1970 1313 Lentulus

195 1351 365 1423 Sura,
410 1351 477 1411 P.
509 1352 863 1424 Autronius,
906 1352 974 1410 L.
1021 1352 1255 1410 Cassius
1295 1350 1612 1427 Longinus,
1655 1349 1717 1407 C.
1763 1348 1971 1406 Cethe-

193 1469 321 1526 gus,
351 1449 418 1507 P.
447 1455 511 1506 et
536 1449 775 1507 Servius
814 1449 1010 1521 Sullae,
1047 1449 1242 1507 Servii
1277 1449 1407 1520 filii,
1448 1448 1518 1507 L.
1549 1445 1984 1523 Vargunteius,-

196 1546 267 1615 Q.
298 1546 556 1618 Annius,
599 1545 685 1603 M.
724 1545 968 1604 Porcius
1006 1545 1193 1618 Loeca,
1229 1544 1297 1602 L.
1340 1544 1559 1615 Bestia,
1604 1543 1672 1612 Q.
1719 1543 1967 1601 Curius:
2017 1601 2021 1605 .

180 1648 475 1718 ‚praeterea
529 1660 605 1698 ex
657 1641 916 1717 equestri
966 1641 1186 1713 ordine,
1242 1639 1327 1698 M.
1390 1639 1637 1697 Fulvius
1677 1638 1965 1710 Nobilior,

195 1737 272 1794 L.
305 1737 592 1809 Statilius,
622 1736 692 1794 P.
721 1735 1010 1794 Gabinius
1037 1735 1262 1812 Capito,
1291 1736 1356 1794 C.
1387 1734 1721 1793 Cornelius.
1761 1733 1836 1790 ad
1861 1733 1970 1790 hoc

193 1832 375 1890 multi
399 1852 477 1891 ex
503 1833 745 1892 coloniis
784 1840 847 1891 et
885 1833 1237 1910 municipiis,
1266 1832 1426 1889 domi
1456 1830 1693 1888 nobiles.
1780 1824 1974 1887 Erant

191 1937 513 2007 praeterea
527 1931 852 2019 complures
894 1929 1093 2006 paullo
1141 1930 1422 1988 occultius
1463 1927 1692 1986 consilii
1732 1927 1972 2001 hujusce

191 2026 508 2102 participes
533 2026 774 2101 88111188,
802 2045 948 2103 quos
966 2009 1160 2102 magis
1186 2024 1604 2084 dominationis
1622 2041 1751 2103 spes
1776 2023 1971 2080 horta-

193 2119 389 2191 batur,
432 2139 611 2196 quam
655 2121 871 2197 inopia,
919 2127 1027 2177 aut
1071 2122 1190 2178 alia
1228 2100 1610 2181 necessit-ude.
1694 2119 1969 2178 Ceterum

184 2217 472 2293 juventus
495 2219 788 2294 pleraque,
833 2218 933 2276 sed
958 2218 1216 2276 maxime
1240 2218 1543 2290 nobilium,
1575 2216 1843 2276 Catilinae
1880 2218 1969 2276 in-

192 2315 379 2390 ceptis
425 2314 677 2374 favebat.
780 2314 1009 2383 Quibus
1059 2315 1125 2372 in
1177 2316 1300 2372 otio
1349 2314 1447 2373 vel
1497 2315 1817 2390 magnifiee,
1871 2317 1968 2373 vel

190 2410 455 2469 molliter
477 2384 685 2469 vivere
702 2413 868 2489 copia
903 2414 1048 2487 erat,
1088 2413 1314 2471 incerta
1351 2431 1456 2488 pro
1496 2413 1685 2483 certis,
1727 2412 1965 2484 bellum,

192 2525 374 2583 quam
413 2526 630 2584 pacem,
674 2508 985 2566 malebant.
1084 2508 1273 2568 Fuere
1310 2509 1456 2566 item
1495 2527 1566 2566 ea
1602 2514 1968 2585 tempestate,

191 2603 300 2678 qui
325 2603 629 2660 crederent
656 2602 740 2662 M.
769 2602 1066 2661 Licinium
1094 2604 1366 2662 Crassum
1391 2622 1512 2661 non
1536 2602 1805 2679 ignarum
1844 2605 1969 2680 ejus

192 2698 425 2756 consilii
461 2699 677 2773 fuisse,
663 2720 677 2734 ·
719 2701 859 2777 quia
886 2701 992 2760 Cn.
1022 2700 1353 2777 Pompeius,
1381 2700 1609 2758 invisus
1645 2701 1774 2777 ipsi,
1814 2719 1970 2779 mag-

189 2813 335 2850 num
365 2796 693 2852 exercitum
719 2797 1014 2868 ductabat,
1043 2797 1301 2873 cujusvis
1325 2816 1463 2887 opes
1488 2796 1740 2854 voluisse
1765 2802 1971 2854 contra
2043 2788 2068 2819 Ὗ

189 2889 354 2947 illius
406 2892 734 2966 potentiam
780 2911 1071 2983 crescere,
1125 2893 1302 2951 81111111
1340 2894 1638 2966 confisum,
1682 2894 1734 2952 81
1774 2895 1970 2970 conju·
2044 2950 2057 2965 ,

164 2987 346 3049 ,ratio
372 2980 671 3058 valuisset,
697 2988 868 3046 facile
894 2990 1049 3065 apud
1075 2989 1208 3046 illos
1232 2986 1557 3066 principem
1581 3009 1643 3047 88
1669 2990 1806 3048 fore.

309 3081 572 3141 XVIII.
656 3083 772 3145 Sed
798 3091 974 3143 antea
998 3086 1150 3143 item
1171 3086 1548 3161 conjuravere
1570 3086 1967 3161 paucrcontra

190 3182 629 3259 rempublicam,
658 3183 738 3239 in
764 3157 989 3260 qdibus
1030 3162 1289 3240 Catilina
1324 3183 1479 3256 fuit;
1521 3184 1595 3240 de
1631 3190 1766 3258 qua,
1791 3200 1969 3255 quam

191 3278 496 3336 verissime
533 3285 754 3355 potet-0,
793 3280 1003 3341 (1188111
1079 3278 1146 3337 L.
1192 3279 1377 3352 Tullo,
1433 3278 1521 3336 M.
1563 3277 1784 3353 Lepido
1836 3293 1982 3335 con·

193 3375 435 3449 sulibus,
494 3373 561 3433 P.
604 3374 938 3432 Autronius
991 3380 1052 3432 et
1105 3374 1172 3433 P.
1217 3374 1395 3446 Sulla,
1450 3373 1675 3449 legibus
1714 3322 2038 3453 881111ξωῖ
2017 3376 2050 3425 ‘x
