2292 3692
611 223 813 286 SALL
828 224 1059 283 USTJJ
1108 224 1276 282 JUG
1289 223 1591 304 ΠΕΤΗΑ,
1911 229 1986 288 47

2054 313 2107 352 ,1011
2126 321 2135 330 ““
2192 325 2199 334 ¹

202 387 371 439 ACTA
395 394 494 436 ms
521 394 969 437 mnonnussus
996 396 1306 437 SUPPLICIA
1331 363 1721 440 »1100011011Εῇ
1763 379 1988 453 civitas,

200 472 440 547 trepida
474 480 650 529 antea
676 480 739 529 et
776 474 1025 532 sollicita
1060 474 1133 531 de
1174 474 1314 531 belli
1352 482 1584 549 eventu,
1613 476 1749 535 leeta
1786 494 1985 551 agere:

198 565 282 624 de
328 566 574 624 Metello
620 567 775 626 fama
818 569 1093 643 praeelam
1128 587 1264 629 esse.
1349 568 1546 645 Igitur
1591 590 1660 626 eo
1703 570 1988 628 intentior

2059 619 2091 652 ὗ

198 660 284 722 ad
336 661 642 719 victoriam
692 663 823 734 niti,
867 664 1137 722 omnibus
1182 665 1369 721 modis
1417 665 1728 722 festinare:
1783 684 1985 722 cavere
2071 679 2075 690 ·

198 764 422 828 tamen,
450 759 660 818 necubi
680 760 834 816 hosti
859 767 1223 836 opportunus
1252 762 1414 818 fieret
1438 782 1451 818 ε
1480 760 1820 831 meminisse,
1851 767 1984 837 post

196 852 449 927 gloriam
502 855 785 912 invidiam
838 858 1016 931 sequi.
1121 856 1235 927 Ita,
1292 876 1410 933 quo
1463 856 1673 912 clarior
1727 863 1868 927 erat,
1915 875 1982 914 eo

196 947 392 1022 magis
430 949 611 1020 animi
662 952 909 1009 anxius:
949 970 1156 1026 neque,
1199 957 1330 1027 post
1368 950 1611 1008 insidias
1646 951 1690 1008 J
1695 951 1977 1026 ugurthae,

195 1043 386 1102 effuso
405 1045 664 1102 exercitu
692 1047 940 1121 praedari
967 1067 981 1104 z
1011 1048 1113 1103 ubi
1142 1047 1435 1103 frumento
1462 1052 1567 1102 aut
1593 1046 1807 1122 pabulo
1833 1033 1979 1121 opus

196 1145 346 1210 erat,
370 1140 631 1198 cohortes
652 1160 785 1198 cum
811 1144 970 1199 omni
991 1142 1262 1218 equitatu
1283 1142 1613 1217 praesidium
1637 1143 1938 1216 agitabant
1963 1164 1975 1199 ε

195 1236 493 1294 exercitus
528 1247 757 1312 partem
795 1239 936 1314 ipse,
967 1239 1220 1314 reliquos
1248 1238 1476 1295 Marius
1516 1239 1775 1295 ducebat.
1862 1237 1978 1294 Sed

193 1329 327 1405 igni
378 1333 576 1406 magis,
619 1352 795 1408 quam
847 1334 1057 1409 praeda,
1100 1354 1239 1409 ager
1289 1335 1646 1392 vastabatur.
1730 1333 1977 1391 Duobus

193 1425 358 1506 10010,
401 1426 558 1484 haud
596 1428 767 1504 longe
807 1429 971 1487 inter
1022 1449 1100 1498 se,
1142 1436 1332 1487 castra
1385 1431 1717 1491 faciebant:
1770 1432 1873 1489 ubi
1913 1432 1976 1488 vi

194 1541 344 1598 opus
384 1529 526 1594 erat,
570 1526 768 1583 cuncti
808 1526 1086 1596 aderant3
1144 1533 1420 1596 ceterum,
1462 1545 1580 1602 quo
1620 1528 1758 1603 fuga
1795 1534 1975 1603 atque

193 1618 447 1675 formido
471 1619 648 1678 latius
674 1628 969 1693 cresceret,
1000 1623 1217 1679 diversi
1242 1624 1506 1697 agebant.
1594 1623 1679 1679 Eo
1710 1631 1972 1699 tempore
2025 1687 2029 1696 ,

191 1714 240 1773 J
242 1715 499 1789 ugurtha
536 1735 640 1791 per
678 1718 851 1775 colles
891 1719 1092 1793 sequi:
1134 1722 1364 1793 tempus
1394 1723 1501 1773 aut
1532 1716 1723 1772 10011111
1764 1735 1970 1791 pugnae

191 1830 491 1887 unere:
543 1832 662 1889 qua
713 1820 1030 1870 venturum
1076 1813 1305 1870 hostem
1345 1813 1626 1883 audierat,
1670 1812 1969 1887 pabulum,

193 1914 257 1965 et
282 1892 562 1983 aquarum
590 1911 795 1981 fontes,
825 1930 1075 1986 quorum
1112 1910 1358 1985 penuria
1394 1915 1536 1978 erat,
1566 1926 1967 1981 corrumpere:

190 2003 367 2060 modo
405 2023 467 2061 se
506 2005 767 2077 Metell0‚
804 2006 1099 2063 interdum
1140 2005 1336 2062 Mario
1377 2004 1713 2064 ostendere:
1755 2009 1970 2079 postre-

190 2116 322 2158 mos
366 2101 432 2157 in
476 2103 706 2177 agmine
751 2109 998 2173 tentare,
1040 2122 1107 2159 ac
1146 2102 1350 2159 statim
1389 2102 1454 2157 in
1493 2100 1666 2157 colles
1705 2100 1967 2175 regredi3

189 2215 396 2262 rursus
445 2197 593 2268 aliis,
635 2204 766 2274 post
807 2198 954 2269 aliis,
997 2197 1295 2269 minitaris,
1347 2181 1536 2272 neque
1574 2195 1842 2271 praelium
1887 2196 1967 2252 fa-

189 2311 339 2363 0010,
380 2312 570 2369 neque
610 2294 796 2350 otium
835 2297 999 2371 pati,
1050 2293 1459 2352 tantummodo
1498 2293 1726 2350 hostem
1765 2292 1839 2348 ab
1879 2291 1967 2348 111-

189 2395 364 2465 cepto
388 2392 654 2449 retinere.

311 2486 478 2545 LVI.
564 2488 868 2545 Romanus
920 2487 1256 2564 imperator,
1298 2486 1402 2544 ubi
1442 2506 1502 2544 se
1544 2486 1692 2544 dolis
1731 2486 1966 2563 fatigari

188 2582 372 2654 videt,
415 2602 603 2659 neque
642 2584 715 2640 ab
754 2584 922 2641 hoste
962 2584 1186 2660 copiam
1228 2582 1528 2659 pugnandi
1573 2581 1716 2654 fieri,
1760 2582 1965 2639 urbem

189 2698 477 2754 magnam,
523 2684 583 2735 et
622 2679 690 2737 in
728 2698 797 2736 ea
833 2685 1015 2754 parte,
1057 2697 1175 2754 qua
1212 2678 1328 2734 sita
1367 2684 1509 2747 erat,
1552 2696 1743 2733 arcem
1781 2678 1963 2751 regni,

187 2777 427 2833 nomine
452 2775 708 2847 Zamam,
738 2778 948 2834 statuit
975 2777 1307 2851 obpugnare
1326 2792 1344 2845 3
1385 2781 1563 2845 ratus,
1594 2774 1659 2834 id
1685 2775 1840 2849 quod
1866 2794 1965 2831 ne-

186 2876 415 2949 gotium
442 2875 725 2951 poscebat,
755 2875 799 2932 J
803 2873 1113 2950 ugurtham
1150 2873 1548 2930 laborantibus
1589 2874 1709 2930 suis
1743 2873 1965 2930 auxilio

187 2977 523 3044 venturum,
565 2972 761 3048 ibique
800 2972 1067 3047 praelium
1106 2971 1247 3030 fore.
1330 2970 1423 3026 At
1476 2969 1593 3040 ille,
1635 2987 1763 3044 quse
1802 2987 1966 3046 para-

187 3069 423 3178 bantur,
442 3089 478 3126 a
504 3070 759 3145 perfugis
785 3072 1037 3142 edoctuS,
1061 3069 1288 3145 magnis
1312 3068 1623 3127 itineribus
1650 3066 1963 3123 Metellum

187 3139 532 3237 antevenit3
572 3167 890 3243 oppidanos
921 3167 1208 3237 hortatur,
1244 3165 1455 3224 moenia
1494 3164 1826 3233 defendant,
1864 3162 1962 3219 ad-

187 3263 332 3322 ditis
356 3262 578 3322 auxilio
603 3263 879 3339 perfugis,
907 3262 1062 3339 quod
1089 3281 1271 3338 genus
1297 3278 1374 3317 ex
1409 3260 1590 3336 copiis
1626 3258 1794 3333 regis,
1824 3241 1963 3352 quia

188 3359 390 3424 fallere
416 3358 711 3435 nequibat,
742 3360 1151 3418 firmissimum.
1225 3357 1513 3437 Praeterea
1546 3353 1915 3429 pollicetur,
1897 3373 1962 3410 111
