2292 3692
574 218 775 284 SALL
789 216 1019 277 USTII
1064 216 1118 274 J
1126 218 1184 276 U
1185 217 1234 275 G
1246 216 1540 275 URTHA.
1879 221 1955 279 63

177 371 244 430 in
273 389 370 427 eos
396 369 552 426 locos
578 369 834 426 venisse:
878 346 1136 426 ceterum
1163 368 1343 426 situm
1369 368 1527 426 inter
1552 370 1695 426 duas
1736 371 1950 445 Syrte&

172 467 390 543 quibus
424 483 637 522 nomen
680 484 754 521 ex
797 482 860 520 re
896 463 1169 522 inditum.
1253 463 1413 519 Nam
1456 464 1572 520 duo
1607 475 1747 524 sunt
1790 466 1953 522 sinus

172 581 353 637 prope
392 561 454 618 in
496 569 757 622 extrema
796 559 1020 630 Africa,
1061 559 1312 635 impares
1359 560 1781 635 magnitudine,
1809 565 1952 639 pari

174 668 419 718 natura:
499 677 709 716 uorum
745 657 1013 732 proxima
1046 664 1220 714 terrae
1255 657 1495 731 praealta
1534 664 1674 715 sunt
1683 678 1704 731 5
1741 668 1948 732 cetera,

172 755 265 816 u'ti
294 758 414 813 fors
464 758 595 826 ulit,
625 756 747 811 alta
762 776 777 826 3
825 755 940 810 alia
965 755 1032 811 in
1073 761 1420 829 tempestate
1459 755 1688 814 vadosa.
1772 758 1834 814 N
1834 777 1946 828 am,

171 854 280 911 ubi
315 872 477 910 mare
504 870 780 926 magnum
809 870 945 918 esse,
974 857 1035 908 et
1060 853 1266 908 saevire
1293 853 1488 908 ventis
1526 853 1713 928 coepit‚
1743 853 1952 910 limum

171 969 525 1026 arenamque
552 956 614 1006 et
640 969 779 1005 saxa
806 950 1069 1024 ingentia
1093 950 1308 1006 fluctus
1349 938 1627 1008 trahunt:
1665 952 1753 1007 ita
1779 952 1952 1008 facies

171 1047 432 1105 locorum
459 1065 592 1102 cum
620 1046 814 1101 ventis
840 1045 1015 1102 simul
1050 1051 1332 1102 mutatur.
1405 1041 1630 1123 [Syrtes
1654 1048 1730 1103 ab
1756 1054 1951 1104 tractu

171 1140 533 1222 nominatae]
614 1142 759 1217 Ejus
799 1143 1055 1199 civitatis
1094 1142 1297 1217 lingua
1322 1142 1495 1199 modo
1521 1161 1794 1200 conversa
1820 1163 1949 1200 con-

171 1242 355 1299 nubio
374 1240 798 1300 Numidarum:
828 1239 998 1314 legeS,
1021 1239 1331 1314 cultusque
1350 1240 1625 1317 pleraque
1646 1239 1946 1313 Sidonica5

171 1358 303 1414 quae
323 1357 392 1423 eg
412 1338 638 1395 facilius
657 1338 1006 1408 retinebant,
1028 1337 1186 1411 quod
1209 1339 1408 1412 procul
1434 1339 1509 1395 ab
1535 1338 1779 1414 imperio
1796 1340 1950 1414 regis
1968 1344 2031 1411 ’ζ’

173 1442 402 1493 aetatem
433 1437 692 1511 agebant.
780 1436 949 1493 Inter
976 1436 1105 1492 illos
1121 1442 1184 1493 et
1210 1436 1573 1513 frequentem
1602 1437 1947 1494 Numidiam

171 1531 348 1588 multi
374 1533 639 1611 vastique
665 1532 778 1589 loci
803 1539 983 1590 erant.

292 1629 593 1688 LXXIX.
665 1628 794 1700 Sed,
814 1629 1091 1704 quoniam
1118 1628 1185 1685 in
1212 1628 1318 1686 has
1336 1631 1597 1703 regiones
1625 1650 1726 1705 per
1752 1630 1949 1706 Lepti-

171 1730 445 1782 tanorum
470 1727 707 1800 negotia
734 1726 1019 1795 venimus,
1049 1744 1168 1781 non
1195 1725 1503 1800 indignum
1522 1727 1769 1797 videtur,
1790 1746 1946 1802 egre-

170 1820 334 1896 gium
361 1826 538 1896 atque
564 1821 827 1877 mirabile
854 1822 1078 1877 facinus
1099 1821 1348 1877 duorum
1378 1821 1945 1898 Carthaginiensium

172 1935 522 1974 memorare:
566 1936 693 1973 eam
718 1937 843 1973 rem
870 1937 974 1975 nos
1000 1918 1160 1974 locus
1185 1919 1505 1976 admonuit.
1560 1919 1689 1987 Qua
1704 1926 1945 1995 tempes-

170 2021 296 2077 tate
349 2014 852 2090 Carthaginienses
898 2015 1190 2091 pleraeque
1240 2014 1460 2074 Africoe
1512 2017 1939 2092 imperitabant,

172 2112 531 2187 Cyrenenses
557 2130 789 2187 quoque
814 2112 1013 2187 magni
1040 2118 1216 2187 atque
1243 2112 1507 2186 opulenti
1535 2113 1711 2199 Qez
1781 2114 1946 2187 Ager

171 2207 235 2264 in
277 2209 471 2265 medio
513 2227 802 2278 arenosae,
840 2227 959 2265 una
998 2208 1215 2282 specie:
1256 2226 1447 2281 neque
1478 2207 1713 2279 flumen,
1755 2227 1945 2284 neque

171 2322 338 2360 mons
365 2309 508 2374 erat,
538 2304 639 2377 qui
665 2303 810 2368 fines
839 2322 1039 2359 eorum
1065 2302 1418 2360 discerneret
1432 2323 1450 2374 3
1485 2322 1616 2378 quae
1643 2323 1734 2360 res
1760 2324 1856 2361 eos
1882 2305 1945 2361 iu

170 2419 382 2475 magno
410 2401 804 2475 diuturnoque
831 2399 985 2456 bello
1027 2401 1181 2456 inter
1220 2418 1280 2456 se
1320 2399 1541 2457 habuit.
1627 2399 1944 2476 Postquam

171 2498 467 2572 utrimque
518 2495 786 2572 legiones,
843 2497 986 2553 item
1029 2496 1237 2553 classes
1289 2496 1430 2553 fusae
1484 2497 1830 2573 fugataeque,
1886 2506 1946 2555 et

171 2594 341 2651 alteri
381 2594 592 2652 alteros
630 2593 999 2669 Quantum
1039 2592 1434 2664 adtriverant;
1481 2593 1675 2664 veriti,
1705 2611 1780 2650 ne
1806 2612 1940 2649 mox

169 2689 358 2746 victos
395 2689 758 2764 victoresque
798 2690 1045 2746 defessos
1077 2687 1229 2745 alius
1260 2689 1685 2762 adgrederetur,
1716 2708 1823 2764 per
1860 2692 1944 2747 in-

170 2785 368 2843 ducias
394 2784 760 2858 sponsionem
787 2784 1030 2854 faciunt,
1066 2784 1204 2840 “uti
1230 2790 1388 2841 certo
1424 2785 1518 2841 die
1557 2784 1736 2859 legati
1774 2785 1944 2843 domo

169 2879 697 2956 proficiscerentur3
737 2899 852 2955 quo
878 2880 942 2936 in
971 2880 1094 2936 loco
1123 2880 1279 2936 inter
1305 2898 1366 2936 se
1407 2881 1566 2938 obvii
1602 2882 1864 2952 fuissent,
1893 2883 1944 2939 is

169 2977 495 3036 communis
534 2978 840 3054 utriusque
880 2979 1082 3054 populi
1115 2979 1251 3035 finis
1292 2978 1656 3036 haberetur.’'
1747 2978 1944 3054 Igitur

170 3072 524 3148 Carthagine
552 3074 669 3136 duo
709 3075 917 3131 fratres
960 3074 1136 3144 missi,
1168 3074 1382 3149 quibus
1412 3092 1625 3130 nomen
1666 3073 1943 3131 Philaenis

169 3177 310 3239 erat,
341 3170 848 3244 matulfflejter
874 3188 1140 3245 pergere:
1172 3168 1530 3244 Cyrenenses
1554 3169 1778 3225 tardius
1792 3170 1965 3248 iege„

169 3267 244 3324 Id
272 3265 627 3334 socordiane,
657 3285 731 3321 an
762 3285 934 3322 causa
950 3265 1251 3336 accideret,
1283 3284 1489 3340 parum
1512 3265 1769 3340 cognovi.
1842 3264 1943 3322 Ce-

169 3371 366 3424 terum
393 3362 538 3419 solet
580 3364 643 3419 in
677 3363 791 3419 illis
832 3364 973 3420 locis
1012 3368 1324 3438 tempestas
1364 3361 1520 3418 haud
1561 3380 1737 3434 secus,
1765 3368 1942 3440 atque

2025 3159 2191 3279 (νὴ

2080 3340 2095 3370 7

2106 3549 2256 3653 Δ
