2292 3692
568 272 1016 340 SALLUSTH
1061 273 1536 335 JUGURTHA.
1906 276 1941 333 3

170 427 378 504 Atque
416 443 522 504 ego
540 429 730 486 credo
771 429 893 486 fore
932 428 1053 506 qui,
1094 428 1235 504 quia
1273 427 1503 485 decrevi
1544 425 1745 502 procul
1781 445 1817 483 a
1855 445 1944 482 re-

168 524 405 601 publica
438 530 673 582 aetatem
707 544 893 601 agere,
924 528 1093 582 tanto
1128 530 1370 599 tamque
1404 522 1542 579 utili
1578 521 1767 579 labori
1810 540 1939 578 meo

170 640 388 678 nomen
429 619 656 678 inertiae
701 621 1045 697 imponant3
1088 624 1260 692 certe,
1309 620 1521 695 quibus
1562 619 1819 676 maxima
1856 619 1944 675 in·

170 716 401 774 dustria
424 717 675 790 videtur,
721 716 974 773 salutare
1020 715 1267 791 plebem,
1303 721 1364 773 et
1389 714 1672 773 conviviis
1697 715 1944 789 gratiam

168 831 446 888 quaerere.
533 812 652 881 Qui
692 812 743 868 si
788 812 1209 888 reputaverint,
1244 818 1306 869 et
1345 812 1560 887 quibus
1591 829 1697 886 ego
1725 816 1944 886 tempo·

166 910 337 966 ribus
394 908 769 984 magistratus
817 907 1061 983 adeptus
1118 909 1245 979 sim,
1291 913 1352 965 et
1390 908 1589 983 quales
1626 907 1741 964 viri
1786 906 1945 982 idem

168 1004 416 1081 adsequi
450 1004 861 1080 nequiverintj,
905 1009 966 1061 et
998 1008 1203 1079 postea
1229 1022 1359 1079 quae
1395 1022 1606 1078 genera
1641 1002 1946 1082 hominum

169 1104 237 1159 in
287 1109 552 1159 senatum
591 1101 1006 1176 pervenerint3
1067 1101 1327 1176 profecto
1372 1099 1809 1171 existimabunt,
1852 1120 1946 1159 me

169 1198 358 1273 magis
383 1198 609 1269 merito,
649 1218 826 1274 quam
860 1199 1112 1274 ignavia,
1142 1197 1435 1272 judicium
1472 1195 1654 1253 animi
1678 1194 1795 1252 mei
1820 1213 1945 1250 mu-

172 1295 403 1367 tavisse,
452 1296 755 1371 majusque
792 1295 1160 1352 commodum
1208 1312 1284 1350 ex
1325 1293 1446 1349 otio
1479 1311 1621 1363 meo,
1662 1310 1838 1367 quam
1870 1310 1945 1347 ex

171 1392 424 1468 aliorum
479 1392 747 1465 negotiiS,
787 1392 1117 1469 reipublicae
1171 1397 1501 1449 venturum.
1596 1391 1752 1446 Nam
1798 1409 1946 1465 saepe

171 1487 393 1558 audivi,
419 1486 486 1555 Q.
519 1486 870 1558 Maximum,
900 1487 967 1544 P.
999 1486 1348 1562 Scipionem,
1387 1492 1665 1562 praeterea
1691 1486 1947 1542 civitatis

172 1589 390 1638 nostrae
416 1583 718 1658 praeclaros
734 1584 890 1641 viros
910 1583 1108 1641 solitos
1134 1584 1220 1639 ita
1262 1582 1465 1654 dicere,
1499 1598 1623 1639 01111
1658 1598 1948 1639 insonum·

174 1691 465 1737 mannes
506 1696 942 1751 INTUERENTUR,
984 1693 1509 1736 VEHEMENTISSIME
1545 1692 1662 1732 SIBI
1703 1692 1948 1732 Annum

173 1791 261 1836 AD
288 1792 590 1833 vm'ro'mu
614 1792 874 1836 Aconum
899 1796 912 1833 :
953 1776 1175 1833 scilicet
1199 1793 1318 1831 non
1344 1792 1535 1831 ceram
1561 1772 1738 1844 illam,
1758 1791 1947 1847 neque

173 1874 438 1947 figuram,
494 1878 723 1930 tantam
761 1873 885 1929 vim
923 1873 988 1928 in
1027 1890 1152 1929 sese
1192 1870 1440 1940 habere3
1505 1868 1619 1939 sed,
1671 1867 1948 1924 memoria

171 1985 375 2023 rerum
400 1973 695 2043 gestarum
715 1988 841 2025 eam
870 1968 1162 2024 flammam
1190 1966 1432 2042 egregiis
1457 1965 1601 2021 viris
1626 1964 1690 2020 in
1715 1971 1947 2040 pectore

173 2082 443 2135 crescere,
472 2083 661 2139 neque
687 2066 849 2140 prius
876 2063 1081 2134 sedari,
1101 2080 1279 2138 quam
1300 2062 1488 2118 virtus
1514 2079 1713 2118 eorum
1733 2061 1947 2116 famam

171 2165 353 2233 atque
378 2158 622 2234 gloriam
655 2160 1060 2235 adaequaverit.
1145 2161 1239 2218 At
1277 2166 1493 2232 contra,
1537 2161 1667 2236 quis
1706 2166 1795 2217 est
1832 2178 1950 2217 om—

174 2253 344 2308 nium
368 2252 460 2309 his
486 2254 761 2326 moribuS,
792 2254 937 2330 quin
964 2255 1192 2313 divitiis
1218 2261 1278 2313 et
1304 2257 1647 2332 sumptibus,
1677 2275 1797 2314 non
1823 2276 1948 2333 pro—

172 2349 363 2406 bitate
389 2369 577 2426 neque
603 2351 908 2423 industria,
949 2371 1082 2409 cum
1108 2353 1424 2428 majoribus
1451 2355 1570 2411 suis
1596 2354 1946 2411 contendat?

172 2445 352 2503 etiam
380 2447 641 2505 homines
667 2450 822 2521 novi,
846 2450 950 2524 qui
975 2455 1150 2506 antea
1175 2469 1279 2525 per
1297 2453 1579 2508 virtutem
1599 2450 1757 2507 soliti
1784 2456 1950 2508 erant

171 2543 540 2602 nobssitatem
570 2547 927 2618 antevenire,
963 2546 1170 2603 furtim
1201 2552 1263 2603 et
1294 2565 1396 2622 per
1427 2548 1730 2604 latrocinia
1755 2548 1950 2623 potius

172 2658 351 2714 quam
394 2641 558 2697 bonis
598 2642 821 2708 artibus
859 2642 934 2700 ad
974 2643 1220 2718 imperia
1259 2649 1318 2700 et
1350 2644 1597 2700 honores
1633 2644 1946 2716 nituntur3

172 2736 417 2811 proinde
443 2738 611 2812 quasi
637 2744 892 2813 praetura
919 2744 979 2796 et
1007 2738 1356 2809 consulatus,
1392 2745 1570 2815 atque
1600 2739 1717 2796 alia
1755 2741 1951 2797 omnia
1993 2798 2004 2830 ι,

172 2832 592 2909 hujuscemodi,
620 2855 725 2911 per
754 2854 817 2892 se
847 2837 976 2911 ipsa
1008 2837 1179 2907 clara,
1220 2837 1526 2912 magnifica
1560 2837 1699 2907 sint,
1729 2856 1795 2894 ac
1831 2857 1949 2893 non

172 2916 414 3006 perinde
440 2930 783 3003 habeantur,
830 2939 902 2989 ut
941 2952 1138 2990 eorum
1167 2934 1273 3009 qui
1307 2935 1599 2991 sustinent
1624 2934 1818 2990 virtus
1843 2942 1944 2989 est.

173 3025 405 3082 Verum
441 3045 547 3101 ego
585 3026 827 3085 liberius
867 3028 1160 3105 altiusque
1191 3031 1456 3105 processi,
1501 3030 1643 3087 dum
1679 3049 1771 3087 me
1811 3030 1948 3086 civi-

173 3123 318 3179 tatis
344 3140 576 3180 morum
601 3124 763 3198 piget
788 3125 1114 3201 taedetque:
1156 3145 1312 3182 nunc
1338 3125 1413 3182 ad
1438 3127 1731 3201 inceptum
1760 3125 1945 3181 redeo.

293 3217 372 3275 V.
454 3217 689 3274 Bellum
708 3219 1027 3295 scripturus
1043 3239 1188 3292 sum,
1208 3221 1365 3297 quod
1379 3220 1626 3296 populus
1647 3220 1948 3278 Romanus

173 3332 309 3370 cum
324 3313 370 3370 J
373 3315 643 3390 ugurtha,
669 3334 804 3391 rege
831 3316 1245 3388 Numidarum,
1271 3318 1476 3392 gessit:
1522 3315 1791 3390 primum,
1811 3316 1949 3390 quia

174 3430 452 3487 magnum
493 3419 555 3469 et
594 3420 781 3485 atrox,
823 3414 1100 3489 variaque
1139 3414 1386 3471 victoria
1423 3413 1574 3469 fuit:
1616 3411 1768 3481 dein,
1811 3411 1948 3485 quia

1635 3507 1785 3563 1—2
