2292 3692
317 258 396 318 54
719 258 919 320 SALL
932 257 1167 317 USTII
1213 256 1266 315 J
1273 256 1333 316 U
1330 256 1382 317 Θ
1391 256 1691 318 URTHA.

317 415 590 486 flectitur,
618 414 937 489 respondit,
973 417 1009 446 ‘⁴
1024 413 1129 470 ubi
1156 413 1411 488 primum
1432 412 1717 489 potuisset
1736 431 1840 488 per
1861 412 2106 487 negotia

139 479 270 592 9712ss
317 509 567 586 publica,
611 510 901 570 facturum
943 526 1082 578 sese,
1120 526 1252 583 quse
1285 510 1559 583 peteret.”
1640 507 1739 564 Ac
1771 512 1977 583 postea
2001 526 2103 564 sae-

81 575 130 698 ἵ
157 641 184 686 -Γ
187 613 280 688 ⁴1⁴*
314 604 447 680 pius
487 605 688 662 eadem
695 603 1052 680 ΓΡοείῑιιΙωιΐῐί
1090 604 1280 660 fertur
1326 603 1558 674 dixisse,
1624 607 1659 636 “
1679 621 1754 660 ne
1793 603 2103 660 festinaret

105 685 264 781 „47-
313 702 510 758 abire:
572 703 715 758 satis
769 707 997 758 mature
1037 701 1210 758 illum
1249 719 1383 758 cum
1422 701 1546 759 filio
1584 719 1690 757 suo
1729 702 2101 760 consulatum

313 798 686 872 petiturum?
769 797 831 854 Is
870 816 940 854 eo
975 803 1237 872 tempore
1263 795 1641 854 contubernio
1667 796 1853 872 patris
1877 797 2101 855 ibidem

313 893 620 964 militabat,
659 913 843 951 annos
880 900 1053 951 natus
1078 894 1312 951 circiter
1338 910 1438 952 xx.
1525 893 1669 962 Quae
1696 914 1789 952 res
1815 895 2096 968 Marium,

312 1007 442 1045 cum
475 1007 580 1064 pro
610 989 844 1059 honore,
883 1008 1058 1065 quem
1097 989 1442 1060 adfectabat,
1472 994 1602 1046 tum
1648 995 1851 1046 contra
1890 990 2101 1048 Metel-

313 1082 453 1153 lum,
486 1084 859 1142 vehementer
894 1084 1249 1142 accenderat.
1334 1084 1434 1141 Ita
1465 1086 1738 1159 cupidine
1773 1091 1954 1160 atque
1990 1086 2096 1158 ira,

285 1182 575 1254 pessimis
618 1180 1060 1251 consultoribus,
1090 1180 1341 1256 grassari
1360 1201 1379 1252 3
1420 1199 1611 1255 neque
1637 1181 1792 1238 facto
1816 1182 1957 1252 ulle,
2001 1201 2100 1239 ne-
2131 1265 2135 1269 ·
2244 1195 2245 1226 i

201 1282 240 1350 7
311 1295 423 1351 que
463 1276 621 1333 dicto
660 1276 966 1346 abstinere,
1025 1276 1181 1352 quod
1235 1276 1407 1332 modo
1468 1276 1843 1333 ambitiosum
1891 1277 2096 1360 Q}

236 1373 244 1384 '
310 1372 543 1437 milites,
585 1372 798 1444 quibus
835 1370 898 1426 in
942 1371 1202 1428 hibernis
1242 1377 1505 1446 praeerat,
1562 1371 1783 1429 laxiore
1828 1372 2092 1449 imperi0,

311 1484 483 1540 quam
514 1473 687 1522 antea
713 1465 960 1525 habere:
1003 1466 1161 1542 apud
1187 1467 1588 1543 negotiatores,
1614 1484 1865 1540 quorum
1885 1487 2099 1543 magna

312 1560 631 1617 multitudo
661 1560 853 1618 Utis-se
880 1568 1021 1631 erat,
1051 1561 1358 1619 criminose
1392 1561 1564 1619 simul
1595 1568 1655 1619 et
1692 1562 1999 1637 magnifice
2025 1562 2097 1619 de

311 1654 463 1712 bello
484 1656 680 1730 loqui:
713 1656 1161 1732 “dimidia‘pars
1187 1658 1477 1714 exercitus
1504 1657 1613 1714 sibi
1634 1658 2093 1732 permitteretur,

310 1753 511 1825 paucis
553 1753 756 1808 diebus
794 1752 837 1810 J
844 1753 1156 1828 ugurtham
1210 1753 1276 1809 in
1324 1753 1544 1810 catenis
1597 1753 1980 1810 habiturum:
2021 1755 2097 1811 ab

311 1846 661 1922 imperatore
695 1847 961 1904 consulto
995 1847 1170 1936 trahi,
1210 1848 1366 1924 quod
1401 1848 1573 1904 homo
1606 1846 1800 1904 inanis
1834 1854 1897 1905 et
1922 1849 2096 1923 regies

311 1946 595 2018 superbiae
639 1946 883 2020 imperio
925 1945 1102 2002 nimis
1143 1946 1472 2020 gaudezet.”
1555 1945 1699 2014 Quae
1739 1947 1939 2004 omnia
1978 1948 2097 2006 illis

312 2061 379 2098 eo
420 2044 677 2100 firmiora
717 2043 1084 2116 videbantur,
1142 2044 1301 2119 quod
1356 2033 1750 2101 diuturnitate
1806 2044 1947 2102 belli
2005 2063 2098 2103 res

310 2139 624 2198 familiares
663 2146 1058 2217 corruperant,
1112 2146 1175 2198 et
1221 2141 1413 2198 animo
1457 2141 1720 2216 cupienti
1760 2141 1915 2198 nihil
1954 2142 2096 2199 satis

310 2234 642 2293 festinatur.

433 2331 629 2392 LXV.
715 2332 864 2390 Erat
897 2338 1178 2407 praeterea
1212 2332 1277 2390 in
1312 2333 1577 2390 exercitu
1603 2340 1804 2391 nostro
1830 2334 2095 2392 Numida

312 2428 568 2502 quidam,
595 2430 832 2486 nomine
860 2428 1083 2498 Gauda,
1108 2428 1531 2485 Mastanabalis
1557 2429 1729 2497 filine,
1769 2430 2092 2487 Masinissa

310 2541 505 2596 nepos,
549 2542 723 2597 quem
774 2523 1027 2598 Micipsa
1068 2530 1420 2580 testamento
1462 2524 1777 2582 secundum
1822 2524 2093 2582 heredem

312 2620 634 2693 scripserat,
664 2621 882 2677 morbis
910 2621 1220 2691 confectus,
1256 2626 1317 2678 et
1343 2621 1417 2677 ob
1443 2639 1570 2678 eam
1608 2640 1867 2677 caussam
1900 2627 2094 2680 mente

236 2745 242 2754 ν
314 2715 579 2791 paullum
628 2716 959 2774 imminuta.
1046 2715 1160 2773 Cui
1201 2715 1480 2774 Metellus
1520 2717 1764 2792 petenti,
1804 2736 1969 2774 more
2008 2736 2092 2774 re·

310 2830 449 2887 gum
497 2812 590 2868 uti
638 2812 840 2869 sellam
873 2812 1054 2886 juxta
1092 2818 1351 2887 poneret,
1395 2811 1540 2868 item
1580 2818 1780 2887 postea
1820 2814 2093 2870 custodiae

312 2925 512 2964 caussa
547 2916 799 2964 turmam
839 2908 1107 2983 equitum
1134 2908 1552 2978 Romanorum,
1582 2913 1901 2982 utrumque
1926 2927 2092 2985 nega-

313 3008 478 3059 verat
498 3022 515 3074 ;
556 3001 852 3073 honorem,
883 3003 1039 3078 quod
1066 3022 1268 3060 eorum
1295 3003 1468 3060 modo
1493 3003 1660 3073 foret,
1683 3022 1827 3078 quos
1845 3004 2092 3080 populus

314 3099 617 3155 Romanus
641 3118 805 3174 reges
831 3098 1277 3173 adpellavisset3
1319 3098 1668 3174 praesidium,
1706 3099 1863 3174 quod
1897 3105 2092 3156 contu·

315 3195 620 3251 meliosum
675 3194 741 3250 in
789 3213 885 3251 eos
933 3194 1102 3262 foret,
1162 3195 1214 3251 si
1253 3194 1478 3269 equites
1519 3194 1774 3252 Romani
1813 3195 2092 3253 satellites

316 3288 592 3346 Numidae
639 3289 1024 3346 traderentur.
1110 3290 1295 3347 Hunc
1337 3290 1566 3347 Marius
1612 3291 1858 3348 anxium
1897 3291 2091 3368 adgre-

317 3382 494 3453 ditur,
533 3388 712 3458 atque
745 3383 1032 3455 hortatur,
1071 3386 1164 3443 uti
1208 3386 1694 3444 contumeliarum
1727 3386 2092 3464 imperatoris
