2292 3692
342 207 419 263 46
735 195 941 262 SALL
951 199 1183 257 USPJJ
1232 199 1396 258 Jtsc
1409 201 1717 282 ΠΒΤΗΑ,

336 373 530 431 regem
570 354 873 429 sequitur3
914 371 1032 427 quo
1073 352 1355 428 cujusque
1394 354 1628 411 animus
1667 355 1799 428 fert,
1830 376 1899 415 eo
1939 358 2116 417 disce·

336 452 516 508 dunt:
544 469 734 523 neque
759 449 821 506 id
848 448 1135 522 flagitium
1164 448 1389 504 militiae
1419 449 1655 506 ducitur
1665 470 1683 521 3
1723 452 1812 508 ita
1836 472 1897 510 se
1925 472 2113 512 mores

337 546 566 602 habent.
654 544 864 619 Igitur,
896 542 1175 599 Metellus
1213 543 1319 599 ubi
1358 544 1520 599 videt
1559 545 1717 620 regis
1751 545 1932 603 etiam
1978 552 2109 606 tum

332 642 593 697 animum
622 641 869 699 ferocem
895 657 1016 696 esse
1038 658 1056 709 3
1097 638 1319 695 bellum
1357 640 1643 711 renovari,
1673 641 1846 716 quod,
1877 643 1994 699 nisi
2035 662 2110 702 ex

329 739 493 795 illius
517 736 796 807 lubidine,
825 735 950 810 geri
977 751 1095 791 non
1121 740 1314 810 posset
1333 754 1350 806 3
1391 740 1671 809 praeterea
1696 736 1969 812 iniquum
1995 756 2111 795 cer-

328 840 528 892 tamen
555 833 666 889 sibi
693 850 826 889 cum
847 831 1126 901 hostibus,
1146 831 1372 887 minore
1399 831 1753 888 detrimento
1770 832 1903 889 illos
1929 821 2105 904 rinei,

332 948 507 1005 quam
549 946 681 984 suos
720 928 992 999 vincere3
1039 926 1269 996 statuit,
1300 945 1420 983 non
1458 926 1693 1001 praeliis,
1734 945 1925 1003 neque
1962 930 2110 1001 acie,'

325 1026 425 1083 sed
452 1028 567 1085 alio
594 1046 766 1096 more,
795 1026 1014 1083 bellum
1039 1026 1373 1100 gerendum.
1459 1024 1671 1102 Itaque
1703 1023 1768 1082 in
1804 1027 1867 1084 N
1870 1027 2105 1086 umidiae

324 1125 449 1181 loca
488 1123 927 1200 opulentissima
966 1124 1173 1197 pergit,
1205 1140 1371 1197 agros
1407 1129 1617 1193 vastat,
1648 1119 1843 1207 must-Q(
1864 1109 2106 1182 castella

324 1225 384 1275 et
435 1222 661 1296 oppida,
709 1226 927 1275 temere
982 1218 1229 1286 munita,
1275 1223 1380 1274 aut
1432 1218 1559 1275 sine
1612 1219 1899 1294 praesidio,
1916 1221 2105 1295 *capit

325 1314 697 1389 incenditque
715 1334 732 1385 3
760 1314 1005 1388 puberes
1020 1313 1270 1369 interfici
1280 1314 1465 1387 jubet,
1487 1313 1602 1369 alia
1622 1314 1818 1371 omnia
1839 1314 2103 1372 militum

319 1410 571 1485 praedam
599 1428 735 1466 esse.
823 1409 912 1465 Ea.
939 1409 1251 1466 formidine
1291 1409 1469 1466 multi
1507 1410 1780 1466 mortales
1815 1409 2102 1469 Romanis

319 1504 505 1562 dediti
543 1504 770 1561 obsides
791 1523 808 1574 3
848 1503 1230 1575 frumentum,
1263 1509 1323 1560 et
1362 1503 1494 1573 alia,
1539 1523 1668 1579 quae
1710 1506 1844 1561 usui
1884 1506 2097 1578 forent,

317 1601 557 1659 adfatim
586 1601 866 1677 praebita3
894 1601 1245 1676 ubicumque
1275 1620 1364 1657 res
1384 1601 1730 1676 postulabat,
1761 1602 2100 1677 praesidium

316 1696 667 1770 impositum.
752 1694 893 1763 Quae
919 1695 1153 1769 negotia
1179 1695 1367 1752 multo
1395 1695 1595 1770 magia,
1626 1716 1802 1771 quam
1828 1697 2099 1772 praelium

315 1791 467 1848 male
492 1797 816 1866 pugnatum
844 1791 917 1846 ab
946 1791 1081 1863 ευίε,
1111 1808 1308 1864 regem
1352 1792 1652 1848 terrebant
1679 1813 1692 1849 ε
1733 1792 1967 1868 quippe,
2000 1792 2097 1849 cui

312 1905 438 1961 spes
466 1887 653 1944 omnis
690 1888 755 1944 iu
795 1886 933 1961 fuga.
967 1886 1081 1942 sita
1118 1892 1259 1956 erat,
1290 1887 1456 1961 sequi
1493 1888 1840 1961 cogebatur3
1881 1894 1959 1958 et,
1991 1888 2097 1963 qui

312 2001 417 2038 sua
443 1982 567 2039 loca
591 1982 896 2039 defendere
924 1981 1288 2057 nequiverat,
1308 1982 1373 2038 in
1400 1980 1606 2039 alienis
1627 1983 1846 2039 bellum
1872 2001 2090 2059 gerere.

311 2078 531 2134 Tamen
574 2098 649 2135 ex
682 2078 861 2153 copia,
904 2077 1060 2153 quod
1101 2077 1390 2153 optimum
1429 2078 1752 2150 videbatur,
1783 2079 2092 2136 consilium

310 2172 497 2247 capit:
557 2174 873 2230 exercitum
916 2174 1260 2249 plerumque
1306 2172 1369 2228 in
1409 2173 1617 2229 iisdem
1655 2172 1797 2230 locis
1834 2176 2092 2252 opperiri

299 2268 487 2341 jubet,
518 2267 641 2343 ipse
668 2287 800 2324 cum
827 2267 1065 2325 delectis
1106 2267 1404 2343 equitibus
1444 2268 1757 2325 Metellum
1783 2271 2055 2346 sequitur
2070 2290 2090 2342 3

306 2364 609 2419 nocturnis
635 2369 696 2419 et
722 2363 869 2419 aviis
900 2362 1210 2420 itineribus
1241 2364 1543 2439 ignoratus
1571 2363 1865 2422 Romanos
1889 2366 2090 2442 palan-

305 2464 395 2518 tes
411 2464 647 2533 repente
667 2458 1005 2533 adgreditur
1029 2479 1042 2515 ε
1072 2477 1267 2515 eorum
1288 2458 1551 2534 plerique
1570 2460 1820 2516 inermes
1846 2459 2082 2532 cadunt,

304 2553 479 2609 multi
505 2554 854 2628 capiuntur3
894 2572 1066 2610 nemo
1093 2535 1358 2611 omnium
1395 2554 1652 2611 intactus
1680 2554 1983 2630 profugit:
2026 2562 2087 2613 et

305 2649 580 2705 Numidae
622 2649 798 2724 prius»,
841 2667 1019 2724 quam
1060 2668 1136 2705 ex
1175 2648 1382 2706 castris
1435 2648 1862 2723 subveniretur,
1904 2649 2086 2708 sicuti

294 2744 445 2818 jussi
471 2752 657 2815 erant,
686 2745 750 2800 in
775 2744 1071 2820 proximos
1097 2745 1268 2802 colles
1296 2745 1618 2803 discedunt.

320 2899 323 2902 ,
422 2838 553 2898 LV.
639 2838 891 2896 Interim
918 2839 1120 2897 Romae
1151 2840 1429 2916 gaudium
1470 2840 1678 2916 ingens
1705 2846 1919 2915 ortum,
1951 2862 2081 2920 cog-

301 2935 445 2992 nitis
467 2934 699 2991 Metelli
723 2937 895 2993 rebus
920 2958 932 2993 :
974 2942 1046 2992 ut
1071 2956 1247 3013 seque
1274 2943 1335 2993 et
1363 2937 1686 2993 exercitum
1714 2956 1875 2995 more
1902 2940 2077 3015 majo-

301 3051 431 3088 rum
487 3038 752 3107 gereret3
802 3033 868 3089 in
908 3033 1152 3090 adverso
1197 3034 1338 3105 loco,
1384 3035 1575 3090 victor
1615 3039 1812 3090 tamen
1857 3034 2083 3092 virtute

300 3126 505 3183 suisset
528 3147 547 3199 3
589 3127 845 3184 hostium
876 3147 1015 3202 agro
1041 3130 1332 3204 potiretur
1351 3149 1369 3201 3
1411 3128 1454 3184 J
1458 3128 1787 3203 ugurtham,
1817 3129 2083 3204 magnifi-

302 3239 435 3290 cum
470 3241 547 3278 ex
575 3222 723 3279 Auli
758 3223 1028 3295 secordia,
1058 3244 1220 3299 spem
1261 3226 1465 3281 salutis
1505 3225 1570 3281 in
1610 3224 1943 3295 solitudine,
1976 3233 2083 3282 aut

301 3313 452 3392 fuga,
482 3314 754 3391 coegisset
781 3318 1007 3377 habere.
1065 3318 1280 3396 Itaque
1307 3328 1543 3377 senatus
1565 3311 1642 3376 on
1661 3335 1738 3376 m
1760 3335 2080 3377 mmmm-:R
