2292 3692
57 501 60 592 imi-Q
57 341 66 488 ,--.,.,
57 275 68 328 -1
57 159 72 264 ..r-..nj-

328 251 404 309 36
724 242 926 304 SALL
940 241 1170 301 USTII
1214 240 1384 299 JUG
1397 237 1690 298 URTHA.

327 402 555 459 eosdem
582 394 868 467 aerarium,
898 394 1228 471 provinciae,
1257 394 1645 468 magistratus,
1676 393 1873 467 gloriae
1895 393 2091 449 trium-

324 498 542 573 phique
569 500 737 551 erant
760 514 773 550 ε
813 493 1060 568 populus
1087 490 1303 547 militia
1327 496 1504 566 atque
1531 490 1728 564 inopia
1757 488 2066 563 urgebatur
2076 510 2091 560 3

324 591 547 667 praedas
602 589 835 645 bellicas
882 589 1260 663 imperatores
1309 605 1440 642 cum
1490 585 1687 661 paucis
1727 584 2085 659 diripiebant.

294 686 563 769 ‘Interea
599 690 883 760 parenteS,
943 689 1048 740 aut
1093 683 1262 759 parvi
1308 682 1490 738 liberi·
1518 681 1792 751 militum,
1836 675 1906 737 'ut
1945 681 2090 756 quis-

324 801 438 858 que
463 782 779 858 potentiori
804 780 1045 836 confinis
1079 786 1222 849 erat,
1261 778 1493 835 sedibus
1533 778 1912 853 pellebantur.
1961 832 1966 835 ,
1997 777 2092 833 I-ta

323 898 455 935 cum
498 878 761 953 potentia
798 876 1064 947 avaritia,
1129 876 1255 932 sine
1315 876 1486 931 modo
1540 874 1953 949 modestiaque,
2007 873 2091 928 in-

323 974 550 1045 vadere,
580 974 835 1049 polluere
870 978 931 1029 et
956 978 1185 1029 vastare
1219 973 1450 1041 omnia;
1493 970 1644 1027 nihil
1682 971 1865 1047 pensi,
1906 990 2092 1046 neque

323 1068 525 1139 sancti,
568 1066 794 1137 habere,
834 1067 1025 1142 quoad
1060 1072 1244 1123 semet
1274 1066 1400 1141 ipsa
1430 1064 1830 1141 praecipitavit.
1914 1063 2088 1134 Nam,

322 1162 426 1219 ubi
472 1164 730 1239 primum
777 1181 851 1218 ex
904 1161 1217 1218 nobilitate
1269 1161 1488 1236 reperti
1525 1166 1681 1231 sunt,
1737 1160 1841 1235 qui
1896 1178 2092 1220 veram

320 1257 563 1333 gloriam
604 1258 834 1331 injustae
875 1256 1149 1331 potentiae
1189 1263 1646 1331 anteponerent:
1695 1254 1917 1311 moveri
1956 1251 2093 1309 civi-

320 1360 426 1423 tas,
470 1358 530 1408 et
569 1351 847 1407 dissensio
887 1351 1093 1421 civilis,
1151 1352 1317 1427 quasi
1358 1351 1671 1426 permixtio
1709 1356 1896 1421 terrae,
1951 1351 2092 1407 oriri

321 1448 511 1523 coepit.

439 1541 653 1599 XLII.
733 1540 913 1611 Nam,
951 1547 1260 1618 postquam
1297 1542 1560 1599 Tiberius
1592 1548 1652 1599 et
1682 1542 1742 1599 O.
1776 1542 2091 1610 Gracchus,

321 1657 568 1713 quorum
602 1636 846 1711 majores
880 1636 1105 1695 Punico
1143 1643 1320 1713 atque
1355 1637 1486 1694 aliis
1510 1638 1678 1695 bellis
1703 1638 1960 1696 multum
1985 1638 2099 1695 rei·

319 1734 563 1810 publicae
591 1733 952 1804 addiderant,
989 1733 1278 1790 vindicare
1304 1734 1532 1809 plebem
1557 1735 1621 1790 in
1649 1733 2000 1804 libertatem,
2031 1743 2095 1792 et

319 1849 633 1906 paucorum
670 1829 884 1887 scelera
912 1830 1251 1905 patefacere,
1290 1849 1543 1905 coepere:
1583 1831 1858 1887 nobilitas
1894 1832 2090 1904 noxia,

320 1932 498 1999 atque
526 1946 592 1982 eo
618 1925 896 2002 perculsa,
928 1926 1097 1982 modo
1124 1944 1229 2001 per
1248 1926 1428 1982 socios
1454 1946 1521 1983 ac
1547 1945 1760 1983 nomen
1788 1927 2092 1996 Latinum,

318 2024 618 2085 interdum
656 2041 759 2098 per
795 2023 1017 2098 equites
1059 2020 1367 2093 Romanos,
1405 2040 1551 2097 quos
1584 2040 1711 2096 spes
1738 2022 2034 2082 societatis
2058 2043 2097 2079 a

318 2121 486 2196 plebe
512 2119 852 2190 dimoverat,
884 2117 1277 2175 Gracchorum
1297 2119 1621 2175 actionibus
1648 2118 1879 2175 obviam
1906 2120 2099 2192 ierat3

318 2222 380 2274 ct
404 2216 591 2292 primo
624 2213 939 2283 Tiberium,
978 2212 1114 2270 dein
1150 2232 1360 2289 paucos
1395 2221 1527 2288 post
1562 2233 1746 2271 annos
1773 2214 1978 2271 eadem
2004 2215 2100 2270 in·

317 2311 679 2387 gredientem
707 2308 930 2380 Gaium,
959 2310 1266 2367 tribunum
1291 2310 1557 2381 alterum,
1596 2312 1847 2368 alterum
1881 2312 2103 2369 trium-.

317 2409 513 2465 virum
571 2405 809 2463 coloniis
866 2406 1233 2477 deducendis,
1287 2427 1420 2464 cum
1468 2406 1552 2464 M.
1604 2406 1817 2464 Fulvio
1859 2406 2093 2480 Flacco,

317 2502 470 2559 ferro
496 2507 817 2561 necaverat.
900 2501 982 2558 Et
1016 2521 1155 2559 sane
1183 2501 1474 2571 Gracchis,
1511 2503 1782 2578 cupidine
1808 2503 2093 2573 victoriae,

317 2598 473 2656 haud
516 2597 655 2654 satis
697 2597 1029 2655 moderatus
1070 2599 1301 2655 animus
1339 2598 1469 2656 fuit.
1554 2598 1668 2655 Sed
1722 2600 1876 2655 bono
1928 2600 2098 2656 vinci

316 2695 498 2753 satius
524 2697 627 2765 est,
674 2713 848 2769 quam
875 2693 1028 2749 malo
1062 2713 1223 2751 more
1251 2695 1526 2769 injuriam
1562 2694 1808 2751 vincere.
1895 2693 2102 2771 Igitur

316 2811 385 2847 ea
409 2790 655 2847 victoria
680 2789 953 2846 nobilitas
985 2808 1059 2846 ex
1091 2789 1351 2847 lubidine
1395 2809 1498 2846 sua
1530 2808 1649 2860 usa,
1696 2790 1914 2846 multos
1940 2809 2102 2847 mor-

316 2884 463 2942 tales
507 2884 662 2941 ferro
717 2889 822 2941 aut
857 2884 996 2960 fuga
1036 2886 1363 2956 exstinxit3
1408 2885 1653 2960 plusque
1692 2885 1757 2941 in
1788 2885 2103 2961 'reliquum

314 2980 428 3036 sibi
465 2980 707 3050 timoris,
751 2999 927 3054 quam
975 2982 1268 3055 potentiae,
1326 2980 1566 3037 addidit.
1655 2979 1799 3048 Quae
1838 2999 1933 3037 res
1974 2981 2103 3057 ple-

315 3094 562 3150 rumque
601 3094 838 3149 magnas
883 3075 1152 3133 civitates
1198 3094 1426 3151 pessum
1477 3076 1677 3147 dedit3
1734 3076 1876 3132 dum
1918 3076 2106 3133 alteri

315 3170 525 3225 alteros
550 3169 783 3225 vincere
810 3171 1017 3245 quovis
1051 3172 1236 3241 mod0,
1274 3177 1336 3228 et
1370 3172 1553 3229 victos
1580 3171 1841 3227 acerbius
1867 3170 2101 3243 ulcisci,

314 3263 540 3320 volunt.
625 3263 753 3334 Sed,
795 3264 865 3321 de
902 3266 1109 3323 studiis
1151 3267 1408 3341 partium
1446 3272 1505 3323 et
1532 3265 1800 3321 omnibus
1827 3264 2107 3324 civitatis

315 3357 573 3417 moribus
612 3358 663 3441 si
702 3358 1053 3434 singulatim,
1113 3366 1219 3417 aut
1266 3378 1372 3435 pro
1420 3359 1841 3436 magnitudine,
1884 3378 2105 3435 parem
