2292 3692
304 220 384 278 40
704 217 906 277 SALL
920 216 1156 277 USPJI
1202 215 1249 273 J
1262 214 1365 273 UG
1378 213 1679 273 URTHA.

304 339 725 447 propulsarent.
795 368 954 426 Nam
974 369 1042 426 in
1055 367 1102 426 J
1101 366 1361 445 ugurtha
1379 371 1583 423 tantus
1602 363 1785 436 dolus,
1803 369 2087 440 tantaque

305 466 517 543 peritia
550 464 807 523 locorum
835 470 897 523 et
921 465 1150 522 militiae
1172 469 1314 535 erat,
1344 463 1453 535 uti,
1482 463 1688 520 absens
1714 481 1791 519 an
1818 480 2084 537 praesens,

303 579 504 636 pacem
542 581 622 619 an
659 560 880 620 bellum
918 580 1139 638 gerens,
1167 559 1546 696 perniciosior
1576 566 1744 632 esset,
1773 559 1840 616 in
1865 558 2087 616 incerto

304 658 633 719 haberetur.

423 754 691 813 XLVII.
779 754 925 812 Erat
963 754 1120 812 haud
1157 754 1328 831 longe
1363 755 1438 812 ab
1465 773 1533 813 eo
1557 755 1784 825 itinere,
1814 771 1934 830 quo
1962 753 2087 810 Me-

304 848 481 907 tellus
520 852 811 927 pergebat,
853 852 1132 928 oppidum
1173 852 1606 923 Numidarum,
1630 852 1868 909 nomine
1894 850 2080 926 Vaga,

297 947 496 1006 ,forum
536 966 732 1004 rerum
773 948 1071 1006 venalium
1109 947 1295 1005 totius
1335 949 1499 1024 regni
1543 948 1800 1004 maxime
1839 947 2086 1004 celebra-

294 1035 474 1102 tum:
516 1044 622 1102 ubi
662 1052 722 1103 et
760 1044 1027 1116 incolere,
1058 1051 1119 1103 et
1159 1046 1420 1134 mercari,
1443 1050 1863 1103 consueverant
1890 1043 2086 1101 Italici

302 1143 531 1218 generis
568 1141 748 1199 multi
785 1144 1074 1201 mortales,
1160 1142 1301 1200 Huc
1341 1143 1559 1214 consul,
1603 1141 1776 1198 simul
1818 1141 2088 1198 tentandi

302 1239 492 1316 gratia
530 1244 607 1311 et,
637 1239 688 1296 si
727 1244 1084 1314 paterentur,
1115 1239 1554 1315 opportunitate
1592 1240 1720 1310 loci,
1751 1238 2088 1314 praesidium

302 1335 580 1410 imposuit
598 1354 617 1407 3
654 1339 935 1409 praeterea
960 1334 1273 1410 imperavit
1297 1334 1676 1405 frumentum,
1705 1340 1767 1390 et
1793 1333 1925 1404 alia,
1956 1351 2087 1408 quoe

304 1429 456 1486 bello
479 1428 615 1485 usui
640 1428 834 1486 forent
859 1435 1222 1505 comportare
1246 1451 1259 1488 ε
1302 1435 1465 1486 ratus
1489 1428 1569 1501 id,
1592 1429 1749 1505 quod
1776 1447 1869 1485 res
1898 1446 2089 1484 mone·

302 1524 425 1592 bat,
453 1525 840 1600 frequentiam
867 1526 1304 1600 negotiatorum
1334 1532 1396 1583 ct
1431 1533 1815 1585 commeatum
1849 1526 2088 1601 juvatu-

302 1639 434 1677 rum
476 1620 817 1691 exercitum,
849 1630 911 1679 et
942 1622 1068 1698 jam
1105 1624 1325 1698 pacatis
1350 1625 1525 1681 rebus
1550 1624 1917 1680 munimento
1944 1623 2083 1682 fore.
2174 1625 2177 1630 ’

303 1715 473 1774 Inter
516 1716 638 1776 haec
679 1718 917 1793 negotia
954 1717 999 1775 J
1002 1720 1260 1793 ugurtha
1299 1719 1618 1795 impensius
1655 1718 1827 1774 modo
1867 1719 2090 1793 legatos

302 1800 588 1888 supplices
626 1812 877 1884 mittere,
918 1832 1120 1889 pacem
1161 1832 1364 1886 orare3
1420 1821 1634 1890 praeter
1672 1832 1835 1870 suam
1876 1812 2088 1869 libero-

301 1926 548 1984 rumque
573 1907 775 1978 vitam,
807 1909 1003 1965 omnia
1030 1908 1276 1966 Metello
1304 1908 1528 1968 dedere.
1592 1908 1774 1978 Quos
1799 1908 1964 1981 item,
1993 1909 2089 1966 uti

299 2005 535 2080 priores,
566 2005 765 2062 consul
806 1967 1031 2062 illectos
1072 2005 1144 2062 ad
1186 2005 1575 2080 proditionem
1617 2006 1856 2062 domum
1888 2005 2088 2061 dimit-

300 2101 502 2159 tebat:
549 2101 673 2177 regi
714 2119 931 2177 pacem,
975 2119 1150 2175 quam
1190 2102 1538 2177 postulabat,
1581 2120 1770 2177 neque
1809 2102 2082 2173 abnuere,

300 2216 490 2274 neque
528 2198 804 2274 polliceri,
836 2205 896 2256 et
929 2198 1089 2256 inter
1114 2217 1211 2256 eas
1238 2218 1427 2256 moras
1454 2199 1735 2275 promissa
1759 2200 2083 2275 legatorum

300 2298 651 2368 exspectare.

418 2387 726 2447 XLVIII.
810 2388 856 2446 J
857 2390 1114 2466 ugurtha
1152 2391 1257 2447 ubi
1297 2390 1528 2449 Metelli
1569 2392 1726 2450 dicta
1751 2411 1887 2450 cum
1910 2393 2086 2453 factis

299 2486 634 2562 composuit,
682 2505 749 2544 ac
794 2506 856 2544 se
902 2488 1022 2545 suis
1074 2487 1301 2544 artibus
1353 2488 1573 2545 tentari
1624 2489 2084 2563 animadvertit3

298 2583 513 2659 quippe
540 2582 636 2639 cui
663 2583 853 2640 verbis
877 2603 996 2660 pax
1024 2586 1429 2655 nunciabatur,
1460 2590 1719 2642 ceterum
1759 2603 1822 2641 re
1863 2584 2087 2641 bellum

298 2679 681 2755 asperrimum
721 2685 862 2752 erat,
893 2680 1033 2737 urbs
1069 2682 1330 2737 maxima
1354 2680 1624 2752 alienata,
1654 2698 1792 2755 ager
1816 2679 2089 2737 hostibus

299 2774 579 2850 cognitus,
629 2775 813 2833 animi
866 2776 1237 2851 popularium
1289 2777 1547 2845 tentati3
1603 2782 1833 2833 coactus
1885 2793 2088 2833 rerum

298 2870 735 2942 necessitudine,
767 2872 979 2929 statuit
1013 2873 1191 2930 armis
1218 2877 1452 2930 certare.
1536 2871 1748 2947 Igitur,
1779 2869 2088 2947 explorato

297 2967 554 3026 hostium
591 2967 820 3039 itinere,
848 2968 912 3024 in
945 2986 1107 3043 spem
1132 2968 1395 3026 victoriae
1435 2967 1720 3025 adductus
1759 2986 1838 3025 ex
1877 2986 2090 3044 oppor-

300 3063 555 3121 tunitate
606 3060 737 3129 loci,
777 3081 955 3137 quam
1008 3063 1294 3121 maximas
1347 3063 1540 3141 copias
1585 3069 1780 3140 potest
1820 3063 2086 3121 omnium

300 3175 577 3231 generum
628 3162 814 3233 parat,
863 3177 930 3215 ac
978 3177 1083 3233 per
1126 3160 1395 3217 tramites
1448 3160 1703 3217 occultos
1756 3159 2090 3217 exercitum

303 3252 532 3310 Metelli
570 3255 889 3311 antevenit.
975 3254 1124 3314 Erat
1152 3256 1220 3312 in
1254 3273 1324 3312 ea
1360 3261 1527 3331 parte
1555 3253 1873 3327 Numidia,
1904 3275 2088 3332 quam

207 3403 220 3414 ,
303 3346 604 3404 Adherbal
656 3348 722 3405 in
773 3348 1060 3410 divisione
1117 3351 1462 3427 possederat,
1520 3347 1745 3411 flumen
1802 3351 2003 3411 oriens
2054 3371 2095 3410 a
