2292 3692
373 261 451 320 68
773 257 975 318 SALL
985 257 1213 318 USTII
1259 258 1313 316 J
1319 258 1375 316 U
1374 258 1426 317 G
1436 258 1704 316 URTHA
1715 303 1730 319 .

257 462 262 466 .
372 431 539 487 agere
586 410 743 467 inter
795 411 1042 484 invidos,
1091 416 1469 483 occursantes,
1517 412 1800 483 factiosoS,
1847 411 2147 487 opinione,

374 506 647 580 Quirites,
678 507 935 581 asperius
962 513 1062 564 est.
1146 508 1250 565 Ad
1277 507 1398 577 hoo,
1423 508 1523 564 alii
1552 508 1602 565 si
1628 508 1939 584 deliquere,
1973 517 2149 568 vetus

370 602 662 672 nobilitas,
691 602 977 677 majorum
1003 602 1180 660 fortia
1197 603 1366 673 faeta,
1386 608 1759 678 cognatorum
1781 611 1840 661 et
1854 604 2147 662 adfinium
2218 631 2225 646 ¹

371 718 522 775 opes,
573 700 772 756 multae
814 699 1109 772 clientelae,
1167 701 1361 757 omnia
1412 700 1533 757 haee
1580 701 1845 777 praesidio
1888 701 2144 760 adsunt:

370 795 517 851 mihi
557 814 686 871 spes
722 814 919 852 omnes
954 795 1018 852 in
1056 802 1272 853 memet
1311 795 1452 866 sitae,
1497 813 1640 871 quas
1675 814 1903 853 neeesse
1946 802 2041 853 est
2084 801 2146 851 et

370 891 593 947 virtute
634 897 695 947 et
733 891 1066 948 innocentia
1111 892 1328 948 tutari:
1376 910 1511 947 nam
1550 892 1667 948 alia
1707 892 1940 949 infirma
1981 898 2141 949 sunt.
2236 919 2246 940 a

373 986 454 1042 Et
500 985 650 1042 illud
690 985 970 1062 intellige,
1023 986 1297 1058 Quirites,
1340 988 1596 1044 omnium
1638 1007 1741 1064 off
1778 989 1842 1048 in
1874 1006 1971 1045 me
2013 1007 2143 1045 oon-

369 1102 536 1156 versa
562 1101 714 1140 esse:
756 1101 950 1158 aequos
977 1083 1265 1158 bonosque
1291 1083 1515 1140 favere:
1557 1084 1772 1160 quippe
1798 1085 1945 1141 bene
1987 1085 2143 1143 facta

370 1199 499 1236 mea
548 1179 877 1255 reipublicae
916 1178 1278 1254 procedunt:
1335 1178 1696 1235 nobilitatem
1739 1178 1932 1236 locum
1975 1180 2140 1236 inva-

370 1276 545 1334 dendi
570 1294 841 1351 quaerere.
926 1274 1057 1343 Quo
1095 1274 1241 1331 mihi
1273 1274 1460 1331 aerius
1501 1273 1877 1331 adnitendum
1920 1280 2029 1346 est,
2070 1281 2139 1332 ut

329 1370 340 1375 ”
369 1390 559 1447 neque
598 1391 702 1427 vos
728 1370 1052 1446 capiamini,
1082 1377 1144 1427 et
1180 1369 1270 1426 illi
1303 1369 1520 1432 frustra
1554 1369 1686 1425 sint.
1771 1369 1873 1425 Ita
1913 1370 1993 1426 ad
2030 1361 2137 1427 Hoc

369 1466 560 1522 aetatis
591 1485 627 1522 a
668 1465 919 1541 pueritia
959 1466 1060 1536 fui,
1101 1473 1172 1522 ut
1209 1483 1405 1521 omnes
1436 1465 1673 1532 labores,
1706 1464 1978 1540 pericula,
2011 1484 2139 1522 oon-

369 1567 535 1618 sueta
587 1561 848 1618 habeam.
934 1560 1078 1629 Quae
1128 1567 1267 1617 ante
1318 1565 1512 1617 vestra
1565 1561 1840 1618 beneficia
1877 1562 2137 1637 gratuito

369 1657 665 1729 faciebam,
708 1676 776 1714 ea
822 1657 930 1729 uti,
975 1662 1210 1733 accepta
1250 1657 1525 1727 mercede,
1568 1657 1840 1739 deseram,
1883 1676 2006 1740 non
2049 1664 2136 1716 est

370 1754 687 1824 eonsilium,
721 1753 995 1821 Quirites.
1079 1754 1210 1811 Illis
1254 1753 1483 1811 difficile
1525 1761 1611 1811 est
1654 1755 1715 1810 in
1751 1755 2137 1829 potestatibus

370 1857 707 1926 temperare,
722 1851 823 1925 qui
853 1868 956 1924 per
980 1850 1357 1908 ambitionem
1385 1869 1506 1908 sese
1531 1851 1741 1926 probos
1754 1850 2133 1908 simulavere:

367 1946 531 2018 mihi,
562 1946 664 2022 qui
690 1965 921 2003 omnem
947 1951 1178 2003 aetatem
1206 1946 1270 2002 in
1298 1946 1534 2022 optimis
1571 1947 1797 2002 artibus
1833 1945 1945 2020 egi,
1986 1946 2135 2003 bene

368 2043 553 2099 faeere
571 2043 697 2117 jam
724 2059 799 2098 ex
826 2039 1240 2099 consuetudine
1260 2042 1323 2098 in
1344 2048 1609 2098 naturam
1632 2042 1830 2100 vertit.
1902 2040 2136 2099 Bellum

370 2155 462 2193 me
487 2155 683 2210 gerere
714 2154 840 2192 cum
871 2136 914 2193 J
915 2136 1170 2212 ugurtha
1187 2137 1473 2212 jussistis3
1515 2157 1688 2213 quam
1716 2158 1836 2194 rem
1859 2138 2137 2196 nobilitas

367 2230 661 2303 aegerrime
701 2229 860 2288 tulit.
931 2229 1155 2302 Quaeso,
1185 2237 1450 2307 reputate
1491 2250 1622 2287 oum
1663 2232 1872 2289 animis
1905 2234 2131 2302 vestris,

367 2343 511 2379 num
536 2325 599 2380 id
623 2331 851 2383 mutare
878 2326 1084 2383 melius
1110 2328 1204 2399 sit,
1235 2329 1286 2384 si
1306 2347 1477 2403 quem
1506 2347 1582 2385 ex
1607 2328 1711 2385 illo
1735 2328 1906 2404 globo
1935 2328 2133 2386 nobili-

366 2424 509 2480 tatis
540 2423 614 2479 ad
653 2424 774 2494 hoe,
804 2429 909 2480 aut
949 2424 1110 2481 aliud
1150 2423 1268 2481 tale
1298 2426 1612 2500 negotium,
1657 2423 1927 2493 mittatis,
1955 2424 2133 2482 homi-

368 2538 502 2576 nem
529 2520 742 2577 veteris
760 2521 1040 2596 prosapiae
1060 2540 1126 2578 ac
1143 2520 1461 2577 multarum
1478 2521 1812 2595 imaginum,
1837 2527 1900 2578 et
1919 2521 2134 2578 nullius

367 2615 679 2689 stipendii:
728 2616 964 2687 scilicet,
1013 2622 1085 2673 ut
1130 2616 1196 2671 in
1243 2621 1410 2672 tanta
1451 2635 1531 2687 re,
1569 2615 1807 2691 ignarus
1852 2616 2131 2687 omnium,

368 2711 637 2785 trepidet,
666 2710 918 2783 festinet,
948 2715 1141 2767 sumat
1170 2710 1422 2787 aliquem
1450 2730 1525 2768 ex
1551 2711 1765 2786 populo
1787 2711 2134 2768 monitorem

367 2808 540 2865 officii
580 2808 686 2865 sui.
771 2809 870 2865 Ita
894 2809 1238 2884 plerumque
1264 2811 1476 2878 evenit,
1506 2815 1591 2880 ut,
1628 2828 1800 2884 quem
1827 2827 1932 2864 vos
1957 2809 2132 2885 impe-
2229 2863 2238 2884 ‹

367 2922 498 2961 rare
535 2904 808 2980 jussistis,
853 2905 904 2960 is
935 2904 1342 2979 imperatorem
1382 2905 1562 2960 alium
1605 2910 1844 2979 quaerat.
1930 2903 2131 2979 Atque
2236 2955 2237 2980 ¹

367 3019 471 3075 ego
508 3000 639 3069 seio,
670 2998 944 3070 Quirites,
987 2998 1107 3076 qui,
1151 3005 1456 3074 postquam
1495 2998 1757 3054 eonsules
1796 2997 1939 3054 facti
1978 3008 2127 3066 sunt,

368 3104 499 3155 acta
524 3094 825 3172 majorum,
856 3102 917 3153 et
944 3095 1277 3153 Graecorum
1316 3094 1596 3151 militaria
1618 3100 1909 3171 praecepta
1948 3094 2128 3171 legere

368 3191 682 3266 eoeperint3
741 3192 1002 3249 homines
1053 3191 1403 3267 praeposteri.
1496 3190 1653 3246 Nam
1698 3210 1911 3265 gerere,
1959 3210 2125 3267 quam
2234 3267 2235 3270 Ἴ

369 3285 509 3355 fieri,
530 3293 644 3342 tem
651 3304 787 3361 pore
802 3287 1103 3361 posterius,
1126 3306 1191 3343 re
1206 3293 1382 3362 atque
1397 3306 1507 3344 usu
1527 3287 1688 3363 prius
1704 3291 1806 3343 est.
1894 3285 2123 3360 Gompa·

372 3385 495 3435 rate
514 3399 686 3450 nunc,
710 3381 991 3453 Quirites,
1015 3389 1147 3439 oum‘
1172 3382 1408 3441 illorum
1433 3383 1704 3459 superbia
1728 3401 1823 3439 me
1841 3382 2125 3442 homiuem

2230 3329 2236 3420 Ι
