2292 3692
613 241 815 306 'SALL
830 244 1062 304 USTII
1106 239 1160 301 J
1167 241 1274 303 Ue
1283 239 1575 303 URTHA.
1904 243 1984 299 ‘43

203 399 434 457 incerto
472 398 686 475 praeli0‚
716 399 827 474 ipsi
866 398 1037 455 modo
1075 398 1304 455 eminus
1342 398 1768 474 sauciabantur,
1794 416 1983 473 neque

201 498 415 552 eontra
463 491 707 551 feriendi
760 499 866 550 aut
917 511 1158 549 manum
1211 493 1549 551 conserendi
1611 492 1777 568 copia
1837 498 1978 548 erat.

177 589 416 646 ,Antea
457 589 584 665 jam
638 587 799 645 docti
848 587 925 644 ab
981 586 1285 663 Jugurtha
1335 587 1579 661 equitent,
1633 586 1981 663 ubicumque

204 683 608 741 Romanorum
661 683 838 740 turba
887 681 1119 758 insequi
1171 688 1436 758 coeperat,
1487 701 1606 739 non
1658 682 1978 754 confertim,

203 798 398 855 neque
435 779 501 836 in
540 797 727 835 unum
765 796 888 835 sese
926 778 1301 852 recipiebant,
1331 777 1433 834 sed
1468 778 1618 835 alius
1643 778 1772 849 alic,
1802 798 1974 854 quam

202 874 462 934 maxime
514 874 743 931 diversi.
826 873 926 931 Ita
978 892 1223 930 numero
1278 873 1513 949 priores,
1567 874 1618 931 si
1669 874 1744 931 ab
1795 893 1979 950 perse-

200 970 439 1046 quendo
463 969 658 1027 hostes
683 970 974 1027 deterrere
993 969 1395 1043 nequiverant,
1412 969 1683 1044 disjectos
1699 972 1776 1027 ab
1794 976 1973 1046 tergo,

199 1070 313 1121 aut
350 1062 629 1122 lateribus
668 1063 1237 1122 circumveniebant:
1277 1064 1370 1120 sin
1409 1067 1787 1140 opportunior
1825 1067 1975 1143 fugae

200 1159 383 1230 colliS,
413 1178 589 1235 quam
628 1159 818 1234 campi
855 1159 1100 1230 fuerant,
1132 1178 1204 1215 ea
1228 1177 1365 1215 vero
1399 1160 1660 1218 consueti
1696 1160 1754 1216 N
1760 1161 1977 1218 umida·

199 1274 338 1312 rum
358 1256 494 1330 equi
512 1256 682 1312 facile
700 1255 858 1312 inter
870 1256 1129 1330 virgulta
1147 1255 1419 1327 evadere3
1446 1263 1672 1314 nostros
1696 1259 1974 1333 asperitas

199 1357 264 1408 et
290 1350 601 1407 insolentia
626 1349 737 1408 loci
763 1351 1111 1408 retinebant.

322 1444 426 1503 LI.
511 1444 783 1502 Ceterum
821 1444 995 1503 facies
1034 1444 1218 1502 totius
1254 1446 1474 1522 negotii
1511 1444 1690 1518 varia,
1731 1446 1969 1519 incerta,

197 1540 369 1611 foeda,
410 1546 587 1616 atque
627 1540 1008 1598 miserabilis:
1064 1539 1310 1615 dispersi
1346 1559 1385 1596 a
1421 1541 1542 1597 suis
1580 1559 1713 1615 pars
1753 1542 1968 1614 cedere,

195 1636 303 1694 alii
343 1636 608 1712 insequi:
663 1654 852 1710 neque
897 1635 1061 1710 signa
1107 1654 1297 1710 neque
1349 1635 1578 1694 ordines
1631 1636 1970 1697 observare:

194 1730 307 1788 ubi
342 1749 631 1807 quemque
671 1729 995 1806 periculum
1034 1736 1282 1808 ceperat,
1311 1730 1396 1794 ibi
1433 1732 1697 1787 resistere
1736 1750 1803 1788 ac
1841 1752 1969 1807 pro·

195 1832 432 1908 pulsare
456 1850 470 1888 ε
516 1850 694 1900 arma,
723 1828 857 1901 tela,
888 1828 1039 1905 equi,
1055 1827 1201 1902 „vix-i,
1229 1828 1439 1899 hostem
1469 1829 1622 1886 cives
1650 1831 1929 1905 permixti
1952 1850 1967 1889 z

195 1925 349 1983 nihil
390 1925 629 1984 consilio
668 1944 858 2000 neque
896 1924 1140 1999 imperio
1177 1924 1307 1999 agi:
1361 1924 1478 1982 fors
1516 1924 1715 1981 omnia
1751 1943 1969 2000 regere.

196 2021 412 2097 Itaque
432 2022 686 2078 multum
705 2021 823 2077 diei
841 2026 1211 2097 prooessemt‚
1230 2038 1361 2076 cum
1381 2020 1557 2077 etiam
1579 2025 1708 2076 tum
1723 2027 1968 2079 eventus

194 2117 261 2174 in
287 2116 511 2174 incerto
539 2124 677 2176 erat.
755 2114 1043 2191 Denique,
1071 2113 1342 2171 omnibus
1368 2115 1563 2172 labore
1589 2122 1650 2173 et
1674 2122 1819 2174 aestu
1845 2116 1969 2174 lan·

192 2211 406 2286 guidis,
426 2210 710 2269 Metellus
728 2212 831 2268 ubi
855 2211 1015 2267 videt
1035 2209 1325 2267 Numidas
1343 2210 1536 2267 minus
1554 2213 1789 2283 instare,
1808 2214 1968 2289 paul·

192 2307 365 2363 latim
405 2307 621 2363 milites
658 2306 724 2362 in
762 2325 949 2362 unum
989 2305 1279 2376 conducit,
1320 2305 1553 2362 ordines
1589 2309 1866 2380 restituit,
1906 2316 1968 2367 et

191 2400 461 2458 cohortes
487 2400 827 2475 legionarias
853 2406 1104 2476 quatuor
1128 2400 1431 2457 adversum
1460 2401 1683 2475 pedites
1709 2403 1965 2463 hostium

193 2495 475 2553 collocat:
524 2515 722 2554 eorum
762 2514 973 2570 magua
1018 2513 1153 2571 pars
1198 2495 1589 2571 superioribus
1632 2497 1773 2554 locis
1817 2498 1968 2559 fessa

191 2592 547 2650 consederat.
632 2589 821 2648 Simul
859 2609 1041 2661 orare,
1075 2590 1299 2647 hortari
1337 2590 1568 2662 milites,
1603 2596 1730 2650 “ne
1768 2593 1967 2654 defice·

193 2693 345 2760 rent,
387 2706 504 2750 neu
543 2692 883 2762 paterentur
922 2685 1118 2742 hostes
1154 2685 1441 2761 fugientes
1472 2686 1735 2746 vincere:
1777 2707 1965 2765 neque

192 2782 314 2840 illis
360 2787 549 2840 castra
593 2798 728 2854 esse,
771 2799 960 2857 neque
1005 2779 1436 2837 munimentum
1477 2781 1680 2852 ullum,
1723 2803 1842 2860 quo
1881 2803 1966 2842 ce—

189 2861 402 2941 dentes
433 2877 777 2935 tenderent:
817 2877 879 2933 in
921 2878 1100 2934 armis
1137 2876 1334 2934 omnia
1372 2878 1532 2936 sita.”
1614 2878 1730 2937 Sed
1757 2899 1832 2936 ne
1858 2880 1964 2939 Ju—

187 2971 413 3048 gurtha
464 2972 700 3048 quidem
752 2973 975 3030 interea
1027 2972 1297 3048 quietust
1353 2972 1672 3043 circumire,
1722 2974 1959 3046 hortari,

189 3086 473 3126 renovare
507 3066 790 3142 praelium,
819 3074 881 3124 et
907 3069 924 3123 i
931 3087 1029 3143 pse
1055 3086 1187 3123 cum
1214 3067 1450 3125 delectis
1477 3074 1702 3126 tentare
1728 3070 1960 3129 omnia:

188 3162 500 3220 subvenire
548 3163 683 3234 suis,
733 3162 994 3221 hostibus
1046 3164 1239 3221 dubiis
1290 3164 1524 3232 instare,
1569 3183 1714 3241 quos
1766 3165 1962 3224 firmos

189 3262 556 3333 cognoverat,
588 3258 814 3316 eminus
841 3260 1150 3336 pugnando
1176 3261 1442 3317 retinere.
