2292 3692
323 164 398 223 12
715 162 1161 224 SALLUSPJI
1203 164 1672 227 JUG‘URTHA.

318 315 575 388 audacia,
623 316 835 374 scelere
886 323 1064 394 atque
1115 318 1387 395 superbia
1432 338 1554 377 sese
1595 320 1865 395 cosm-ens,
1913 321 2100 384 fratre

317 432 463 485 meo,
494 420 673 490 atque
706 415 907 471 eodem
949 416 1275 493 propinquo
1319 435 1440 489 su0,
1477 417 1795 491 interfecte,
1834 420 2097 495 primum

314 526 563 583 regnum
599 510 649 584 ej
658 528 725 566 us
756 510 985 572 sceleris
1021 512 1114 568 sui
1153 511 1410 586 praedam
1445 513 1623 571 fecit:
1668 519 1815 588 post,
1859 515 1962 572 ubi
1997 534 2095 575 me

314 604 522 664 iisdem
548 604 695 663 dolis
726 608 935 681 nequit
966 625 1184 681 capere,
1216 607 1368 664 nihil
1393 607 1605 680 minus,
1633 626 1808 684 quam
1834 610 1961 666 vim
1984 616 2093 669 aut

313 701 549 775 bellum,
580 710 1025 780 exspectantem,
1056 706 1120 762 in
1146 705 1391 781 imperio
1417 710 1627 777 vestro,
1655 704 1832 763 sicuti
1855 707 2086 781 videtis,

311 805 606 859 extorrem
636 801 841 878 patria,
870 802 1058 874 domo,
1089 803 1340 879 inopem,
1371 808 1432 861 et
1458 810 1794 881 coopertum
1820 804 2086 879 miseriis,

310 898 519 972 effecit,
560 904 633 958 ut
669 901 863 958 ubivis
903 902 1106 973 tutius,
1147 920 1326 978 quam
1366 901 1433 959 in
1471 920 1601 960 meo
1641 920 1836 979 regne,
1884 922 2085 963 essem.

310 996 439 1073 Ego
458 998 538 1055 sic
558 998 977 1069 existimabam,
1001 997 1209 1058 Patres
1234 997 1563 1075 conscripti,
1584 1004 1656 1056 ut
1673 999 2088 1074 praedicantem

308 1095 645 1154 audiveram
669 1105 895 1172 patrem
923 1116 1154 1155 meum:
1194 1095 1297 1173 qui
1317 1103 1570 1154 vestram
1594 1097 1913 1154 amicitiam
1939 1098 2087 1157 cole-

307 1198 457 1265 rent,
486 1211 583 1250 eos
607 1193 863 1251 multum
886 1193 1142 1251 laborem
1168 1193 1456 1269 suscipere
1466 1212 1486 1266 3
1518 1199 1778 1251 ceterum
1800 1214 1874 1252 ex
1899 1196 2086 1253 omni-

306 1288 417 1347 bus
449 1290 708 1347 maxime
740 1296 900 1347 tutos
935 1308 1071 1350 0880.
1157 1290 1327 1359 Quod
1357 1291 1423 1347 in
1457 1292 1680 1349 familia
1713 1299 1912 1351 nostra
1945 1293 2079 1368 fuit,

305 1386 597 1463 praestitit,
625 1387 719 1444 uti
744 1387 809 1444 in
836 1388 1104 1445 omnibus
1133 1388 1305 1446 bellis
1328 1387 1494 1448 vobis
1520 1389 1785 1447 adessent
1795 1409 1814 1461 3
1856 1409 1963 1449 nos
1987 1391 2083 1448 uti

304 1500 411 1558 per
442 1482 631 1541 otium
660 1483 780 1541 tuti
810 1484 1007 1555 simus,
1039 1484 1107 1540 in
1132 1503 1311 1542 manu
1340 1489 1537 1542 vestra
1571 1491 1673 1557 est,
1705 1484 1913 1543 Patres
1945 1505 2081 1543 con-

303 1578 520 1655 scripti.
606 1578 788 1637 Pater
846 1598 953 1636 nos
1004 1579 1151 1638 duos
1211 1579 1420 1638 fratres
1470 1580 1711 1656 reliquit
1730 1600 1750 1654 3
1811 1582 2076 1655 tertium,

300 1675 346 1732 J
347 1675 676 1752 ugurtham,
719 1675 1011 1734 beneficiis
1042 1677 1162 1734 8018
1191 1681 1352 1734 ratus
1383 1681 1473 1733 est
1503 1677 1668 1733 nobis
1700 1677 2079 1753 conjunctum

300 1772 422 1831 fore
446 1794 461 1833 τ
508 1774 660 1833 alter
704 1794 904 1834 eorum
950 1782 1203 1848 necatus,
1259 1772 1500 1833 alterius
1546 1775 1670 1851 ipse
1716 1795 1820 1851 ego
1866 1795 2078 1835 manus

300 1874 509 1952 impias
533 1875 638 1932 vix
664 1874 855 1949 effugi.
915 1873 1071 1943 Quid
1096 1875 1302 1949 agam'l
1339 1892 1455 1949 quo
1481 1872 1845 1950 potissimum
1865 1866 2079 1932 infelix

299 1975 599 2032 accedam?
644 1972 889 2031 Generis
914 1969 1181 2046 praesidia
1200 1970 1395 2026 omnia
1415 1969 1675 2026 extincta
1689 1973 1857 2025 sunt:
1884 1974 2074 2045 pater,

297 2073 392 2130 uti
416 2089 645 2130 necesse
665 2076 805 2141 erat,
828 2075 1053 2126 naturae
1079 2067 1396 2126 concessit:
1432 2065 1617 2138 frati-i,
1639 2084 1815 2142 quem
1830 2065 2076 2125 minime

299 2171 508 2243 decuit,
549 2171 909 2247 propinquus
946 2187 1053 2245 per
1090 2168 1275 2225 scelus
1313 2167 1499 2225 vitam
1539 2166 1794 2242 eripuit:
1834 2166 2072 2240 adfines,

298 2267 528 2338 amicos,
546 2267 900 2343 propinquos
925 2272 1163 2336 ceteros,
1190 2264 1373 2323 alium
1398 2262 1514 2325 alia
1539 2262 1730 2320 clades
1756 2264 2041 2340 oppressit
2053 2283 2072 2337 3

298 2363 455 2440 capti
493 2364 569 2421 ab
602 2363 648 2420 J
647 2362 917 2439 ugurtha,
967 2378 1101 2437 pars
1146 2362 1212 2417 in
1248 2378 1475 2418 crucem
1517 2359 1650 2431 acti,
1691 2377 1828 2435 pars
1869 2359 2075 2417 bestiis

295 2460 510 2537 objecti
535 2466 673 2518 sunt
684 2478 703 2532 3
746 2458 930 2535 pauci,
961 2457 1172 2533 quibus
1201 2456 1406 2514 relicta
1437 2460 1526 2514 est
1550 2454 1761 2527 anima,
1791 2454 1973 2513 clausi
2003 2455 2074 2513 in

294 2558 568 2627 tenebris,
596 2575 731 2615 cum
756 2573 998 2612 moerore
1024 2560 1085 2610 et
1110 2554 1290 2625 luctu,
1317 2559 1504 2610 morte
1529 2551 1855 2628 graviorem
1879 2552 2072 2609 vitam

296 2653 554 2729 exigunt.
639 2652 705 2709 Si
735 2652 944 2721 omnia,
975 2668 1104 2725 quse
1134 2654 1242 2706 aut
1274 2649 1458 2722 amisi,
1492 2654 1598 2705 aut
1629 2667 1704 2706 ex
1735 2646 2072 2705 necessariis

292 2748 535 2806 adversa
560 2748 713 2804 facta
738 2752 891 2817 sunt,
920 2745 1235 2803 incolumia
1257 2749 1576 2816 manerent,
1606 2749 1821 2816 tamen,
1853 2744 1904 2800 si
1923 2743 2071 2819 quid

291 2864 368 2903 ex
404 2844 720 2919 improviso
754 2841 1069 2912 accidisset,
1113 2860 1221 2898 vos
1261 2840 1645 2916 implorarem,
1685 2838 1894 2897 Patres
1933 2845 2070 2897 0011-

291 2941 495 3017 scripti
505 2961 524 3014 3
553 2941 781 3017 quibus,
804 2958 909 3015 pro
936 2936 1340 3014 magnitudine
1361 2937 1609 3013 imperii,
1622 2937 1723 3012 jus
1743 2942 1804 2993 et
1821 2937 2070 3013 injurias

289 3053 488 3114 0111008
513 3055 666 3093 curae
694 3054 816 3093 esse
841 3035 1022 3093 decet.
1091 3032 1156 3090 N
1158 3053 1270 3091 unc
1294 3052 1448 3107 vero,
1476 3033 1643 3091 exsul
1662 3033 1870 3109 patria,
1892 3033 2068 3090 domo

290 3132 461 3205 solus,
499 3138 562 3190 et
598 3133 860 3189 omnium
898 3132 1275 3189 honestarum
1307 3150 1502 3188 rerum
1539 3150 1728 3207 egens,
1772 3149 1888 3208 quo
1923 3130 2070 3188 acci-

290 3227 439 3300 dam,
485 3233 595 3285 aut
636 3247 782 3305 quos
826 3228 1153 3303 adpellam‘l
1201 3228 1554 3301 nationesne,
1605 3248 1681 3286 an
1728 3246 1907 3304 reges,
1959 3229 2068 3303 qui

289 3337 487 3379 omnes
531 3323 766 3380 familias
812 3330 1026 3380 nostrae
1072 3323 1145 3380 ob
1197 3330 1456 3381 vestram
1499 3322 1819 3381 amicitiam
1862 3322 2067 3381 infesti
