2292 3692
312 238 388 296 46
743 235 948 299 SALL
963 236 1193 296 USTII
1207 258 1212 269 ¹
1229 235 1640 303 CATILINA,

429 390 598 450 LIX.
659 390 808 449 Haec
824 391 927 448 ubi
948 385 1118 463 dixit,
1142 391 1474 467 paullulum
1493 396 1896 464 commoratus,
1916 390 2085 468 signa

309 505 513 545 canere
531 486 717 566 jubet,
748 491 926 562 atque
945 486 1264 544 instructos
1284 487 1516 545 ordines
1543 488 1821 546 inlocum
1847 505 2085 563 aequum
2144 506 2152 515 ·

296 583 583 671 'deducite
625 582 781 654 dein,
823 568 1064 641 remotis
1103 584 1367 640 omnium
1405 584 1587 660 equis,
1630 603 1748 660 quo
1774 583 2079 656 militibus,

310 684 613 755 exaequato
650 678 923 756 pericu10,
971 669 1206 736 animus
1242 666 1490 755 amplior
1529 682 1695 751 esset,
1744 680 1870 756 ipse
1908 679 2084 755 pedes

310 773 647 847 exercitum,
687 793 795 851 pro
833 774 958 832 loco
997 782 1178 851 atque
1214 776 1410 852 copiis,
1443 776 1702 834 instruit.
1786 775 1963 844 Nam,
1990 776 2083 832 uti

219 866 225 873 ’
308 871 579 947 planities
631 877 758 931 erat
809 871 969 929 inter
1016 871 1286 929 sinistros
1330 876 1576 943 montes,
1616 877 1694 943 et,
1738 871 1814 928 ab
1854 871 2078 944 dextra,

307 985 483 1042 rupes
507 986 723 1042 aspera,
766 972 897 1024 octo
929 967 1193 1024 cohortes
1231 966 1298 1025 in
1333 966 1526 1024 fronte
1564 966 1910 1025 constituit:
1950 966 2083 1022 reli-

308 1081 426 1139 qua
463 1064 628 1138 signa
664 1062 730 1120 in
769 1062 1025 1120 subsidio
1050 1063 1269 1119 arctius
1294 1061 1553 1120 collocat.
1634 1061 1738 1118 Ab
1764 1060 1858 1118 his
1882 1066 2082 1118 centu-

307 1158 498 1214 riones
523 1148 1037 1230 cmm&
1065 1138 1348 1230 e‘3'odatos,
1377 1139 1660 1234 praeterea
1695 1174 1774 1221 ex
1806 1144 2083 1233 gregariis

307 1254 593 1312 militibus
652 1256 941 1331 optimum
1002 1243 1292 1331 quemque
1352 1260 1659 1326 armatum,
1715 1253 1781 1310 in
1832 1254 2084 1330 primam

307 1350 491 1411 aciem
530 1350 815 1408 subducit.
903 1349 964 1407 O.
997 1349 1295 1408 Manlium
1318 1348 1384 1406 in
1410 1348 1668 1420 dextera,
1711 1348 2085 1405 Faesulanum

306 1446 619 1522 quemdam
656 1446 724 1502 in
763 1446 1000 1502 sinistra
1048 1451 1218 1520 parte
1272 1463 1474 1503 curare
1525 1444 1734 1520 jubet:
1789 1444 1918 1519 ipse
1951 1450 2084 1501 tum

306 1540 533 1599 libertis
559 1546 621 1598 et
646 1539 864 1598 colonis
889 1546 1128 1617 propter
1153 1539 1683 1617 aquilamadsistit,
1715 1558 1907 1615 quam,
1931 1538 2085 1597 bello

309 1635 618 1708 Cimbrice,
662 1634 725 1695 O.
771 1634 1001 1692 Marius
1039 1635 1105 1693 in
1143 1635 1412 1692 exercitu
1450 1635 1720 1692 habuisse
1766 1634 2079 1692 dicebatur.

306 1729 401 1787 At
439 1749 515 1788 ex
552 1730 739 1788 altera
776 1735 943 1806 parte
984 1730 1046 1788 O.
1077 1731 1420 1798 Antonius,¹
1442 1730 1686 1806 pedibus
1724 1748 1892 1805 aeger,
1925 1731 2083 1806 quod

305 1824 504 1901 praelio
543 1826 740 1884 adesse
779 1825 1077 1902 nequibat,
1122 1825 1207 1883 Μ.
1251 1826 1485 1883 Petreio
1524 1825 1717 1902 legato
1758 1825 2083 1883 exercitum

305 1921 613 1997 permittit.
671 1921 786 1978 Ille
810 1921 1073 1979 cohortes
1099 1927 1418 1993 veteranas,
1442 1941 1587 1999 quas
1611 1921 1858 1979 tumulti
1881 1922 2085 1981 caussa

305 2019 736 2094 conscripserat,
779 2018 840 2074 in
881 2017 1110 2090 fronte3
1152 2023 1286 2094 post
1323 2037 1432 2091 eas,
1478 2024 1732 2075 ceterum
1760 2018 2082 2076 exercitum

305 2113 368 2170 in
397 2112 668 2170 subsidiis
694 2112 861 2169 locat.
946 2113 1082 2190 Ipse
1122 2133 1273 2191 equo
1312 2114 1671 2185 circumiens,
1700 2114 2082 2190 unumquemz

305 2226 420 2282 que
440 2207 746 2263 nominans
764 2206 1036 2282 adpellat,
1059 2207 1345 2279 hortatur,
1368 2214 1548 2284 rogat,
1567 2209 1662 2266 uti
1686 2209 2077 2279 meminerint,

305 2321 368 2361 se
394 2306 597 2359 contra
626 2301 880 2358 latrones
905 2301 1174 2376 inermes,
1203 2323 1309 2380 pro
1334 2305 1539 2380 patria,
1579 2322 1686 2380 pro
1720 2304 1936 2376 liberis,
1971 2323 2079 2380 pro

305 2398 421 2456 aris
459 2402 641 2472 atque
678 2395 820 2453 focis
859 2396 996 2468 suis,
1039 2416 1286 2456 cernere.
1373 2397 1573 2455 Homo
1600 2398 1892 2471 militaris,
1921 2400 2080 2476 quod

305 2492 555 2567 amplius
595 2509 784 2548 annos
818 2491 1066 2568 triginta
1110 2493 1403 2565 tribunus,
1456 2500 1563 2551 aut
1609 2494 1932 2570 praefectus,
1973 2502 2082 2552 aut

306 2588 546 2664 legatus,
570 2593 674 2644 aut
693 2596 923 2663 praetor,
945 2607 1082 2645 cum
1107 2608 1320 2665 magna
1339 2589 1524 2665 gloria
1542 2590 1748 2660 fuerat,
1771 2590 2079 2668 plerosque

304 2683 458 2759 ipsos
509 2682 797 2758 factaque
824 2702 1026 2740 eorum
1079 2684 1256 2742 fortia
1300 2690 1580 2749 noverat:
1628 2704 1697 2743 ea
1738 2705 2080 2745 commemo-

305 2778 489 2836 rando
514 2764 772 2835 militum
797 2779 1021 2836 animos
1046 2780 1410 2838 accendebat.

424 2872 556 2931 LX.
640 2872 756 2931 Sed
782 2875 900 2945 ubi,
930 2875 1200 2932 omnibus
1237 2877 1410 2933 rebus
1448 2876 1780 2959 exploratis,
1810 2878 2081 2938 Petreius

295 2967 451 3024 -tuba
489 2968 722 3042 signum
762 2969 881 3040 dat,
925 2969 1192 3027 cohortes
1230 2970 1536 3046 paullatim
1563 2973 1831 3031 incedere
1861 2975 2036 3051 jubet
2060 2997 2092 3049 3»

305 3064 464 3121 idem
497 3063 640 3121 facit
674 3064 931 3121 hostium
975 3066 1281 3126 exercitus.
1365 3067 1685 3144 Postquam
1727 3090 1797 3128 eo
1832 3077 2081 3130 ventum

306 3169 412 3234 est,
424 3164 581 3220 unde
596 3182 633 3219 a
651 3163 982 3221 ferentariis
1000 3164 1268 3240 praelium
1286 3166 1577 3225 committi
1602 3173 1810 3243 posset,
1821 3168 2082 3226 maximo

309 3258 559 3317 clamore
584 3277 718 3316 cum
744 3259 974 3316 infestis
999 3260 1182 3336 signis
1208 3267 1567 3320 concurrunt
1577 3282 1596 3335 ς
1624 3264 1749 3339 pila
1762 3265 2051 3323 omittunt
2061 3285 2079 3336 ;

308 3352 518 3428 gladiis
543 3373 636 3411 res
659 3353 897 3431 geritur.
981 3354 1283 3430 Veterani,
1310 3358 1574 3436 pristinae
1600 3359 1840 3418 virtutis
1866 3378 2083 3418 memo-

2159 1976 2166 1983 ο

2266 1492 2277 1799 1

2257 2758 2269 3043 ι
