2292 3692
323 238 398 297 24
720 235 921 296 SALL
940 236 1172 297 USTH
1219 236 1267 293 J
1279 235 1384 296 Uo
1396 235 1691 298 URTJIA.
1778 257 1784 262 ·

318 391 457 466 citu,
513 394 670 470 legat
721 394 834 451 sibi
887 394 1151 451 homines
1201 393 1445 465 nobiles,
1496 393 1778 465 factiosos,
1840 411 2099 469 quorum

317 491 682 560 auctoritate,
714 511 844 568 quse
876 491 1230 567 deliquisset,
1267 492 1498 549 munita
1527 491 1651 549 fore
1683 491 1985 567 sperabat:
2024 492 2095 548 in

315 587 480 664 queis
518 588 636 646 fuit
671 588 935 659 Scaurus,
978 588 1145 663 eujus
1185 588 1258 646 de
1301 594 1517 646 natura
1559 594 1621 647 et
1664 589 1873 647 habitu
1914 609 2093 665 supra

315 688 779 746 memoravimus.
862 687 1022 745 Nam
1057 688 1121 745 in
1161 687 1394 745 eonsule
1427 693 1628 745 nostro
1662 688 1864 745 multae
1898 688 2091 745 bonae-
2146 709 2171 734 κ’

314 801 430 858 que
455 789 609 841 artes
634 783 819 841 animi
851 790 913 841 et
941 785 1192 860 eorporis
1224 791 1408 857 erant,
1437 803 1585 861 quas
1614 803 1813 842 omnes
1838 784 2090 842 avaritia

315 875 740 955 praepediebat:
778 880 1007 956 patiens
1038 880 1319 953 laborum,
1355 881 1476 937 acri
1508 881 1759 956 ingenio,
1789 881 1934 938 satis
1961 900 2090 955 pro-

315 975 535 1046 videns,
564 976 704 1034 belli
734 976 888 1034 haud
920 977 1172 1053 ignarus,
1211 978 1575 1035 firmissimus
1598 983 1803 1035 contra
1828 978 2089 1054 pericula

314 1078 378 1127 et
400 1071 653 1130 insidias.
738 1071 851 1130 Sed
884 1073 1137 1148 legiones
1168 1091 1275 1148 per
1300 1072 1538 1131 Italiam
1567 1073 1878 1148 Rhegium,
1906 1078 2087 1148 atque

313 1168 449 1225 inde
476 1168 750 1241 Siciliam,
781 1188 952 1245 porro
982 1188 1060 1227 ex
1086 1169 1287 1228 Sicilia
1314 1170 1380 1226 in
1407 1170 1691 1240 Africam,
1718 1175 2082 1227 transvectae.

315 1263 510 1338 Igitur
544 1263 894 1339 Calpurnius
928 1265 1117 1335 initio,
1151 1264 1371 1340 paratis
1410 1265 1838 1336 commeatibus,
1871 1264 2088 1346 aeriter

314 1359 658 1416 Numidiam
709 1361 998 1435 ingressus
1044 1366 1170 1434 est3
1219 1360 1435 1418 multos
1486 1360 1761 1418 mortales
1804 1366 1871 1417 et
1907 1360 2087 1417 urbes

310 1455 537 1530 aliquot
560 1455 873 1530 pugnando
899 1457 1069 1530 capit.

429 1549 677 1608 XXIX.
761 1550 892 1624 Sed,
936 1552 1040 1610 ubi
1081 1552 1381 1629 Jugurtha
1424 1572 1530 1630 per
1571 1554 1792 1631 legatos
1835 1554 2086 1631 pecunia

309 1653 555 1718 tentare,
648 1647 918 1724 bellique,
975 1650 1132 1726 quod
1189 1651 1651 1722 administrabat,
1706 1651 2083 1726 asperitatem

310 1744 611 1802 ostendere
649 1746 838 1822 eoepit,
884 1747 1113 1804 animus
1155 1766 1307 1823 aeger
1347 1749 1597 1808 avaritia
1635 1748 1804 1806 facile
1845 1767 2081 1805 eonver-

309 1859 406 1898 sus
433 1847 538 1900 est.
622 1841 894 1899 Ceterum
925 1844 1111 1924 soeius
1144 1848 1207 1900 et
1238 1843 1581 1899 administer
1611 1843 1874 1900 omnium
1899 1842 2083 1899 consi·

308 1937 521 1996 liorum
565 1939 894 1996 adsumitur
932 1938 1218 1997 Scaurus:
1259 1936 1377 2014 qui,
1419 1940 1653 1996 tametsi
1697 1959 1734 1996 a
1773 1939 2077 2014 principio,

308 2033 595 2110 plerisque
634 2052 710 2091 ex
750 2033 1001 2091 faotione
1043 2034 1169 2108 ejus
1211 2034 1513 2109 corruptis,
1562 2037 1859 2128 acerde
1883 2054 2079 2109 regem

308 2131 751 2204 impugnaverat
761 2147 780 2202 3
820 2134 1035 2199 tamen,
1076 2129 1480 2204 magnitudine
1520 2132 1794 2207 pecuniae,
1843 2151 1882 2188 a
1926 2131 2082 2187 bono

309 2225 663 2300 honestoque
700 2226 766 2282 in
800 2244 1048 2301 pravum
1078 2227 1404 2285 abstractus
1442 2232 1545 2286 est.
1630 2227 1744 2285 Sed
1775 2227 1820 2285 J
1822 2229 2083 2303 ugurtha

308 2321 563 2396 primum
594 2321 998 2378 tantummodo
1043 2322 1185 2380 belli
1230 2339 1453 2381 moram
1493 2325 1829 2396 redimebat,
1881 2325 2082 2382 existi-

308 2433 489 2485 mans,
530 2434 651 2472 sese
689 2415 913 2492 aliquid
949 2417 1188 2477 interim
1228 2420 1448 2492 Romae,
1492 2423 1682 2498 pretio
1726 2429 1833 2481 aut
1867 2423 2076 2498 gratia,

309 2512 684 2570 effecturum:
720 2517 918 2589 postea
941 2533 1079 2572 vero
1105 2534 1281 2591 quam
1308 2517 1650 2592 participem
1667 2518 1889 2592 negotii
1906 2518 2081 2575 Seau-

308 2629 440 2666 rum
482 2615 791 2685 acceperat,
838 2609 904 2666 in
945 2610 1261 2669 maximam
1309 2632 1470 2689 spem
1514 2613 1798 2671 adductus
1841 2632 2078 2690 recupe-

284 2690 503 2762 ‘randae
539 2705 710 2781 pacis,
748 2707 961 2763 statuit
998 2726 1133 2765 eum
1171 2708 1247 2765 iis
1289 2707 1363 2765 de
1401 2709 1671 2766 omnibus
1709 2710 2079 2785 pactionibus

307 2820 555 2878 praesens
582 2819 768 2877 agere.
849 2801 1121 2860 Ceterum
1141 2804 1383 2871 interea,
1406 2803 1545 2861 fidei
1571 2823 1784 2875 caussa,
1814 2806 2081 2862 mittitur

306 2918 343 2956 a
381 2897 614 2957 consule
645 2898 881 2956 Sextius
919 2905 1174 2976 quaestor
1202 2900 1267 2957 in
1295 2899 1573 2976 oppidum
1602 2899 1917 2975 «Iugurthae
1955 2902 2080 2959 Va-

306 3015 439 3071 gam
451 3015 470 3068 ;
512 2994 679 3070 cujus
712 2994 800 3052 rei
845 2995 1060 3071 speeies
1107 3001 1235 3053 erat
1278 2997 1534 3071 acceptio
1579 2995 1876 3068 frumenti,
1919 2998 2080 3073 qnod

308 3093 657 3169 Calpurnius
687 3093 879 3168 palam
914 3092 1119 3166 legatis
1153 3093 1574 3168 imperaverat3
1614 3092 1891 3169 quoniam
1917 3093 2077 3151 dedi·

306 3187 483 3245 tionis
509 3206 670 3244 mora
700 3186 947 3243 induciae
980 3187 1368 3262 agitabantur.
1452 3187 1649 3263 Igitur
1669 3198 1796 3258 rex,
1826 3188 1919 3244 uti
1947 3207 2078 3245 oon·

308 3283 593 3353 stituerat,
634 3284 699 3339 in
735 3287 921 3340 eastra
954 3281 1121 3339 venit
1131 3303 1151 3356 3
1188 3302 1255 3340 ae
1280 3302 1477 3359 pauea,
1511 3282 1785 3358 proesenti
1813 3283 2072 3352 oonsilio,

308 3376 535 3435 loeutus
570 3379 643 3435 de
677 3377 901 3436 invidia
934 3379 1076 3437 facti
1111 3385 1289 3456 atque
1324 3379 1389 3436 in
1416 3378 1770 3437 deditionem
1802 3378 1895 3437 uti
1929 3378 2078 3436 aoei-
