<?xml version="1.0" encoding="UTF-8"?>
<!DOCTYPE html PUBLIC "-//W3C//DTD XHTML 1.0 Transitional//EN"
    "http://www.w3.org/TR/xhtml1/DTD/xhtml1-transitional.dtd">
<html xmlns="http://www.w3.org/1999/xhtml" xml:lang="en" lang="en">
 <head>
  <title>
</title>
<meta http-equiv="Content-Type" content="text/html;charset=utf-8" />
  <meta name='ocr-system' content='tesseract 3.04.00' />
  <meta name='ocr-capabilities' content='ocr_page ocr_carea ocr_par ocr_line ocrx_word'/>
</head>
<body>
  <div class='ocr_page' id='page_1' title='image "./caiisallustiicr01merigoog_0041.png"; bbox 0 0 2292 3692; ppageno 0'>
   <div class='ocr_carea' id='block_1_1' title="bbox 642 198 1990 308">
    <p class='ocr_par' dir='ltr' id='par_1_1' title="bbox 642 198 1990 308">
     <span class='ocr_line' id='line_1_1' title="bbox 642 198 1990 308; baseline 0.006 -8"><span class='ocrx_word' id='word_1_1' title='bbox 642 238 842 300; x_wconf 54' lang='grc' dir='ltr'><strong>ΕΔΜ,</strong></span> <span class='ocrx_word' id='word_1_2' title='bbox 856 198 1090 305; x_wconf 63' lang='lat' dir='ltr'><strong>USTH</strong></span> <span class='ocrx_word' id='word_1_3' title='bbox 1139 242 1550 307; x_wconf 64' lang='lat' dir='ltr'><strong>offatm.</strong></span> <span class='ocrx_word' id='word_1_4' title='bbox 1954 253 1990 308; x_wconf 85' lang='lat'>5</span> 
     </span>
    </p>
   </div>
   <div class='ocr_carea' id='block_1_2' title="bbox 14 390 2076 3043">
    <p class='ocr_par' dir='ltr' id='par_1_2' title="bbox 14 390 2076 3043">
     <span class='ocr_line' id='line_1_2' title="bbox 204 390 1987 471; baseline 0.004 -20"><span class='ocrx_word' id='word_1_5' title='bbox 204 397 375 452; x_wconf 80' lang='lat' dir='ltr'><strong>metu</strong></span> <span class='ocrx_word' id='word_1_6' title='bbox 400 390 668 470; x_wconf 62' lang='lat' dir='ltr'><strong>perculsi}</strong></span> <span class='ocrx_word' id='word_1_7' title='bbox 706 413 745 450; x_wconf 84' lang='lat' dir='ltr'><strong>a</strong></span> <span class='ocrx_word' id='word_1_8' title='bbox 768 395 1040 470; x_wconf 86' lang='lat' dir='ltr'><strong>periculis</strong></span> <span class='ocrx_word' id='word_1_9' title='bbox 1067 397 1326 456; x_wconf 85' lang='lat' dir='ltr'><strong>aberant.</strong></span> <span class='ocrx_word' id='word_1_10' title='bbox 1407 398 1501 456; x_wconf 88' lang='lat' dir='ltr'><strong>At</strong></span> <span class='ocrx_word' id='word_1_11' title='bbox 1528 399 1802 471; x_wconf 84' lang='lat' dir='ltr'><strong>Romani,</strong></span> <span class='ocrx_word' id='word_1_12' title='bbox 1829 400 1987 460; x_wconf 87' lang='lat' dir='ltr'><strong>domi</strong></span> 
     </span>
     <span class='ocr_line' id='line_1_3' title="bbox 202 476 1990 570; baseline 0.006 -25"><span class='ocrx_word' id='word_1_13' title='bbox 202 489 551 565; x_wconf 75' lang='lat' dir='ltr'><strong>militiaeque</strong></span> <span class='ocrx_word' id='word_1_14' title='bbox 591 490 824 561; x_wconf 88' lang='lat' dir='ltr'><strong>intenti,</strong></span> <span class='ocrx_word' id='word_1_15' title='bbox 863 491 1155 560; x_wconf 78' lang='lat' dir='ltr'><strong>festinare,</strong></span> <span class='ocrx_word' id='word_1_16' title='bbox 1197 510 1420 570; x_wconf 71' lang='lat' dir='ltr'><strong>parare,</strong></span> <span class='ocrx_word' id='word_1_17' title='bbox 1455 495 1605 553; x_wconf 81' lang='lat' dir='ltr'><strong>alius</strong></span> <span class='ocrx_word' id='word_1_18' title='bbox 1640 476 1825 554; x_wconf 81' lang='lat' dir='ltr'><strong>alium</strong></span> <span class='ocrx_word' id='word_1_19' title='bbox 1857 496 1990 556; x_wconf 85' lang='lat' dir='ltr'><strong>hor-</strong></span> 
     </span>
     <span class='ocr_line' id='line_1_4' title="bbox 201 575 1987 669; baseline 0.005 -27"><span class='ocrx_word' id='word_1_20' title='bbox 201 584 361 657; x_wconf 80' lang='lat' dir='ltr'><strong>tari3</strong></span> <span class='ocrx_word' id='word_1_21' title='bbox 398 585 662 642; x_wconf 78' lang='lat' dir='ltr'><strong>hostibus</strong></span> <span class='ocrx_word' id='word_1_22' title='bbox 687 575 915 644; x_wconf 66' lang='lat' dir='ltr'><strong>obViam</strong></span> <span class='ocrx_word' id='word_1_23' title='bbox 940 587 1029 647; x_wconf 85' lang='lat' dir='ltr'><strong>ire</strong></span> <span class='ocrx_word' id='word_1_24' title='bbox 1049 606 1070 659; x_wconf 99' lang='grc'><em>3</em></span> <span class='ocrx_word' id='word_1_25' title='bbox 1107 589 1459 662; x_wconf 79' lang='lat' dir='ltr'><strong>libertatem,</strong></span> <span class='ocrx_word' id='word_1_26' title='bbox 1488 592 1760 666; x_wconf 88' lang='lat' dir='ltr'><strong>patriam,</strong></span> <span class='ocrx_word' id='word_1_27' title='bbox 1785 610 1987 669; x_wconf 83' lang='lat' dir='ltr'><strong>paren-</strong></span> 
     </span>
     <span class='ocr_line' id='line_1_5' title="bbox 200 681 1987 775; baseline 0.007 -39"><span class='ocrx_word' id='word_1_28' title='bbox 200 684 410 755; x_wconf 84' lang='lat' dir='ltr'><strong>tesque</strong></span> <span class='ocrx_word' id='word_1_29' title='bbox 434 681 612 737; x_wconf 85' lang='lat' dir='ltr'><strong>armis</strong></span> <span class='ocrx_word' id='word_1_30' title='bbox 637 686 871 756; x_wconf 81' lang='lat' dir='ltr'><strong>tegere:</strong></span> <span class='ocrx_word' id='word_1_31' title='bbox 910 690 1059 758; x_wconf 83' lang='lat' dir='ltr'><strong>post,</strong></span> <span class='ocrx_word' id='word_1_32' title='bbox 1095 683 1201 740; x_wconf 87' lang='lat' dir='ltr'><strong>ubi</strong></span> <span class='ocrx_word' id='word_1_33' title='bbox 1236 685 1494 775; x_wconf 79' lang='lat' dir='ltr'><strong>pericula</strong></span> <span class='ocrx_word' id='word_1_34' title='bbox 1528 688 1752 745; x_wconf 80' lang='lat' dir='ltr'><strong>virtute</strong></span> <span class='ocrx_word' id='word_1_35' title='bbox 1780 706 1987 766; x_wconf 89' lang='lat' dir='ltr'><strong>propu-</strong></span> 
     </span>
     <span class='ocr_line' id='line_1_6' title="bbox 201 775 1984 861; baseline 0.007 -30"><span class='ocrx_word' id='word_1_36' title='bbox 201 775 414 847; x_wconf 86' lang='lat' dir='ltr'><strong>lerant,</strong></span> <span class='ocrx_word' id='word_1_37' title='bbox 443 776 611 832; x_wconf 85' lang='lat' dir='ltr'><strong>sociis</strong></span> <span class='ocrx_word' id='word_1_38' title='bbox 634 783 812 853; x_wconf 87' lang='lat' dir='ltr'><strong>atque</strong></span> <span class='ocrx_word' id='word_1_39' title='bbox 829 777 1270 837; x_wconf 77' lang='lat' dir='ltr'><strong>amicis-auxilia</strong></span> <span class='ocrx_word' id='word_1_40' title='bbox 1294 782 1607 856; x_wconf 81' lang='lat' dir='ltr'><strong>portabant</strong></span> <span class='ocrx_word' id='word_1_41' title='bbox 1626 801 1646 855; x_wconf 83' lang='lat'>3</span> <span class='ocrx_word' id='word_1_42' title='bbox 1673 782 1984 861; x_wconf 71' lang='lat' dir='ltr'><strong>&#39;magisque</strong></span> 
     </span>
     <span class='ocr_line' id='line_1_7' title="bbox 199 872 1979 956; baseline 0.006 -28"><span class='ocrx_word' id='word_1_43' title='bbox 199 872 415 929; x_wconf 84' lang='lat' dir='ltr'><strong>dandis</strong></span> <span class='ocrx_word' id='word_1_44' title='bbox 447 890 624 949; x_wconf 84' lang='lat' dir='ltr'><strong>quam</strong></span> <span class='ocrx_word' id='word_1_45' title='bbox 657 874 1006 949; x_wconf 85' lang='lat' dir='ltr'><strong>accipiendis</strong></span> <span class='ocrx_word' id='word_1_46' title='bbox 1039 874 1333 933; x_wconf 85' lang='lat' dir='ltr'><strong>beneficiis</strong></span> <span class='ocrx_word' id='word_1_47' title='bbox 1360 877 1646 935; x_wconf 72' lang='lat' dir='ltr'><strong>amicitias</strong></span> <span class='ocrx_word' id='word_1_48' title='bbox 1677 880 1979 956; x_wconf 79' lang='lat' dir='ltr'><strong>parabant.</strong></span> 
     </span>
     <span class='ocr_line' id='line_1_8' title="bbox 201 960 2060 1063; baseline 0.005 -38"><span class='ocrx_word' id='word_1_49' title='bbox 201 968 532 1045; x_wconf 81' lang='lat' dir='ltr'><strong>Imperium</strong></span> <span class='ocrx_word' id='word_1_50' title='bbox 556 969 902 1044; x_wconf 80' lang='lat' dir='ltr'><strong>legitimum,</strong></span> <span class='ocrx_word' id='word_1_51' title='bbox 930 989 1144 1029; x_wconf 88' lang='lat' dir='ltr'><strong>nomen</strong></span> <span class='ocrx_word' id='word_1_52' title='bbox 1163 972 1395 1048; x_wconf 86' lang='lat' dir='ltr'><strong>imperii</strong></span> <span class='ocrx_word' id='word_1_53' title='bbox 1413 974 1985 1050; x_wconf 74' lang='lat' dir='ltr'><strong>regium-habebant3</strong></span> <span class='ocrx_word' id='word_1_54' title='bbox 2013 960 2060 1063; x_wconf 65' lang='grc' dir='ltr'><strong>’ζ</strong></span> 
     </span>
     <span class='ocr_line' id='line_1_9' title="bbox 199 1064 2076 1150; baseline 0.006 -29"><span class='ocrx_word' id='word_1_55' title='bbox 199 1064 431 1137; x_wconf 88' lang='lat' dir='ltr'><strong>delecti,</strong></span> <span class='ocrx_word' id='word_1_56' title='bbox 461 1065 672 1141; x_wconf 87' lang='lat' dir='ltr'><strong>quibus</strong></span> <span class='ocrx_word' id='word_1_57' title='bbox 705 1084 913 1142; x_wconf 83' lang='lat' dir='ltr'><strong>corpus</strong></span> <span class='ocrx_word' id='word_1_58' title='bbox 943 1068 1117 1124; x_wconf 79' lang='lat' dir='ltr'><strong>annis</strong></span> <span class='ocrx_word' id='word_1_59' title='bbox 1147 1068 1462 1141; x_wconf 85' lang='lat' dir='ltr'><strong>infirmum,</strong></span> <span class='ocrx_word' id='word_1_60' title='bbox 1500 1070 1803 1146; x_wconf 78' lang='lat' dir='ltr'><strong>ingenium</strong></span> <span class='ocrx_word' id='word_1_61' title='bbox 1836 1073 1984 1150; x_wconf 85' lang='lat' dir='ltr'><strong>sapi·</strong></span> <span class='ocrx_word' id='word_1_62' title='bbox 2043 1064 2076 1110; x_wconf 55' lang='lat' dir='ltr'>f</span> 
     </span>
     <span class='ocr_line' id='line_1_10' title="bbox 14 1160 1978 1239; baseline 0.005 -22"><span class='ocrx_word' id='word_1_63' title='bbox 14 1188 41 1225; x_wconf 43' lang='grc' dir='ltr'>μ</span> <span class='ocrx_word' id='word_1_64' title='bbox 199 1161 365 1218; x_wconf 88' lang='lat' dir='ltr'><strong>entia</strong></span> <span class='ocrx_word' id='word_1_65' title='bbox 388 1160 670 1232; x_wconf 81' lang='lat' dir='ltr'><strong>validum,</strong></span> <span class='ocrx_word' id='word_1_66' title='bbox 699 1161 1032 1236; x_wconf 72' lang='lat' dir='ltr'><strong>reipublicae</strong></span> <span class='ocrx_word' id='word_1_67' title='bbox 1057 1163 1467 1222; x_wconf 72' lang='lat' dir='ltr'><strong>consultabant</strong></span> <span class='ocrx_word' id='word_1_68' title='bbox 1488 1183 1508 1237; x_wconf 82' lang='lat'><em>3</em></span> <span class='ocrx_word' id='word_1_69' title='bbox 1551 1165 1632 1237; x_wconf 88' lang='lat' dir='ltr'><strong>hi,</strong></span> <span class='ocrx_word' id='word_1_70' title='bbox 1661 1168 1761 1225; x_wconf 79' lang='lat' dir='ltr'><strong>vel</strong></span> <span class='ocrx_word' id='word_1_71' title='bbox 1786 1174 1978 1239; x_wconf 59' lang='lat' dir='ltr'><strong>mate,</strong></span> 
     </span>
     <span class='ocr_line' id='line_1_11' title="bbox 198 1254 1976 1334; baseline 0.004 -23"><span class='ocrx_word' id='word_1_72' title='bbox 198 1254 295 1312; x_wconf 79' lang='lat' dir='ltr'><strong>vel</strong></span> <span class='ocrx_word' id='word_1_73' title='bbox 339 1273 495 1313; x_wconf 77' lang='lat' dir='ltr'><strong>curse</strong></span> <span class='ocrx_word' id='word_1_74' title='bbox 537 1255 937 1327; x_wconf 80' lang='lat' dir='ltr'><strong>similitudine,</strong></span> <span class='ocrx_word' id='word_1_75' title='bbox 986 1256 1223 1315; x_wconf 62' lang='lat' dir='ltr'><strong>Parnm</strong></span> <span class='ocrx_word' id='word_1_76' title='bbox 1269 1258 1729 1334; x_wconf 66' lang='lat' dir='ltr'><strong>appellabantur.</strong></span> <span class='ocrx_word' id='word_1_77' title='bbox 1812 1261 1976 1333; x_wconf 86' lang='lat' dir='ltr'><strong>Post,</strong></span> 
     </span>
     <span class='ocr_line' id='line_1_12' title="bbox 200 1348 1982 1426; baseline 0.004 -21"><span class='ocrx_word' id='word_1_78' title='bbox 200 1348 304 1406; x_wconf 89' lang='lat' dir='ltr'><strong>ubi</strong></span> <span class='ocrx_word' id='word_1_79' title='bbox 338 1349 566 1425; x_wconf 86' lang='lat' dir='ltr'><strong>regium</strong></span> <span class='ocrx_word' id='word_1_80' title='bbox 600 1350 928 1425; x_wconf 86' lang='lat' dir='ltr'><strong>imperium,</strong></span> <span class='ocrx_word' id='word_1_81' title='bbox 967 1352 1125 1426; x_wconf 91' lang='lat' dir='ltr'><strong>quod</strong></span> <span class='ocrx_word' id='word_1_82' title='bbox 1159 1352 1332 1410; x_wconf 87' lang='lat' dir='ltr'><strong>initio</strong></span> <span class='ocrx_word' id='word_1_83' title='bbox 1367 1356 1771 1414; x_wconf 71' lang='lat' dir='ltr'><strong>conservandae</strong></span> <span class='ocrx_word' id='word_1_84' title='bbox 1809 1356 1982 1414; x_wconf 89' lang='lat' dir='ltr'><strong>liber-</strong></span> 
     </span>
     <span class='ocr_line' id='line_1_13' title="bbox 197 1446 1980 1528; baseline 0.006 -27"><span class='ocrx_word' id='word_1_85' title='bbox 197 1446 343 1502; x_wconf 78' lang='lat' dir='ltr'><strong>tatis</strong></span> <span class='ocrx_word' id='word_1_86' title='bbox 385 1452 564 1521; x_wconf 80' lang='lat' dir='ltr'><strong>atque</strong></span> <span class='ocrx_word' id='word_1_87' title='bbox 605 1446 880 1522; x_wconf 72' lang='lat' dir='ltr'><strong>augendas</strong></span> <span class='ocrx_word' id='word_1_88' title='bbox 920 1448 1254 1523; x_wconf 83' lang='lat' dir='ltr'><strong>reipublicoe</strong></span> <span class='ocrx_word' id='word_1_89' title='bbox 1290 1448 1497 1523; x_wconf 86' lang='lat' dir='ltr'><strong>fuerat,</strong></span> <span class='ocrx_word' id='word_1_90' title='bbox 1539 1452 1605 1508; x_wconf 90' lang='lat' dir='ltr'><strong>in</strong></span> <span class='ocrx_word' id='word_1_91' title='bbox 1650 1452 1980 1528; x_wconf 87' lang='lat' dir='ltr'><strong>superbiam</strong></span> 
     </span>
     <span class='ocr_line' id='line_1_14' title="bbox 198 1541 1978 1618; baseline 0.004 -20"><span class='ocrx_word' id='word_1_92' title='bbox 198 1541 772 1618; x_wconf 76' lang='lat' dir='ltr'><strong>dominationemque</strong></span> <span class='ocrx_word' id='word_1_93' title='bbox 797 1544 1102 1614; x_wconf 73' lang='lat' dir='ltr'><strong>convertit,</strong></span> <span class='ocrx_word' id='word_1_94' title='bbox 1124 1543 1436 1602; x_wconf 82' lang='lat' dir='ltr'><strong>immutato</strong></span> <span class='ocrx_word' id='word_1_95' title='bbox 1455 1565 1632 1617; x_wconf 87' lang='lat' dir='ltr'><strong>more,</strong></span> <span class='ocrx_word' id='word_1_96' title='bbox 1651 1565 1847 1604; x_wconf 86' lang='lat' dir='ltr'><strong>annua</strong></span> <span class='ocrx_word' id='word_1_97' title='bbox 1871 1548 1978 1605; x_wconf 90' lang='lat' dir='ltr'><strong>im-</strong></span> 
     </span>
     <span class='ocr_line' id='line_1_15' title="bbox 197 1640 1979 1715; baseline 0.003 -20"><span class='ocrx_word' id='word_1_98' title='bbox 197 1640 379 1715; x_wconf 86' lang='lat' dir='ltr'><strong>peria,</strong></span> <span class='ocrx_word' id='word_1_99' title='bbox 408 1640 691 1715; x_wconf 87' lang='lat' dir='ltr'><strong>binosque</strong></span> <span class='ocrx_word' id='word_1_100' title='bbox 716 1640 1091 1715; x_wconf 81' lang='lat' dir='ltr'><strong>imperatores</strong></span> <span class='ocrx_word' id='word_1_101' title='bbox 1137 1640 1251 1697; x_wconf 83' lang='lat' dir='ltr'><strong>sibi</strong></span> <span class='ocrx_word' id='word_1_102' title='bbox 1284 1641 1507 1700; x_wconf 80' lang='lat' dir='ltr'><strong>fecere:</strong></span> <span class='ocrx_word' id='word_1_103' title='bbox 1548 1660 1617 1698; x_wconf 89' lang='lat' dir='ltr'><strong>eo</strong></span> <span class='ocrx_word' id='word_1_104' title='bbox 1658 1642 1831 1700; x_wconf 88' lang='lat' dir='ltr'><strong>modo</strong></span> <span class='ocrx_word' id='word_1_105' title='bbox 1872 1644 1979 1700; x_wconf 90' lang='lat' dir='ltr'><strong>mi-</strong></span> 
     </span>
     <span class='ocr_line' id='line_1_16' title="bbox 195 1698 2074 1825; baseline 0.004 -34"><span class='ocrx_word' id='word_1_106' title='bbox 195 1735 358 1791; x_wconf 90' lang='lat' dir='ltr'><strong>nime</strong></span> <span class='ocrx_word' id='word_1_107' title='bbox 385 1750 548 1811; x_wconf 79' lang='lat' dir='ltr'><strong>posse</strong></span> <span class='ocrx_word' id='word_1_108' title='bbox 574 1736 864 1811; x_wconf 87' lang='lat' dir='ltr'><strong>putabant</strong></span> <span class='ocrx_word' id='word_1_109' title='bbox 889 1755 994 1812; x_wconf 87' lang='lat' dir='ltr'><strong>per</strong></span> <span class='ocrx_word' id='word_1_110' title='bbox 1018 1736 1317 1796; x_wconf 74' lang='lat' dir='ltr'><strong>licentiam</strong></span> <span class='ocrx_word' id='word_1_111' title='bbox 1351 1737 1689 1825; x_wconf 46' lang='lat' dir='ltr'><strong>insolescere</strong></span> <span class='ocrx_word' id='word_1_112' title='bbox 1715 1737 1976 1799; x_wconf 81' lang='lat' dir='ltr'><strong>animum</strong></span> <span class='ocrx_word' id='word_1_113' title='bbox 2051 1698 2074 1763; x_wconf 53' lang='grc' dir='ltr'>ἰ</span> 
     </span>
     <span class='ocr_line' id='line_1_17' title="bbox 195 1830 542 1890; baseline 0.003 -1"><span class='ocrx_word' id='word_1_114' title='bbox 195 1830 542 1890; x_wconf 82' lang='lat' dir='ltr'><strong>humanum.</strong></span> 
     </span>
     <span class='ocr_line' id='line_1_18' title="bbox 319 1928 1973 2007; baseline 0.001 -21"><span class='ocrx_word' id='word_1_115' title='bbox 319 1928 472 1987; x_wconf 84' lang='lat' dir='ltr'><strong>VII.</strong></span> <span class='ocrx_word' id='word_1_116' title='bbox 556 1928 674 1987; x_wconf 87' lang='lat' dir='ltr'><strong>Sed</strong></span> <span class='ocrx_word' id='word_1_117' title='bbox 728 1948 797 1987; x_wconf 87' lang='lat' dir='ltr'><strong>ea</strong></span> <span class='ocrx_word' id='word_1_118' title='bbox 843 1934 1191 2006; x_wconf 78' lang='lat' dir='ltr'><strong>tempestate</strong></span> <span class='ocrx_word' id='word_1_119' title='bbox 1230 1949 1450 2006; x_wconf 86' lang='lat' dir='ltr'><strong>coeperc</strong></span> <span class='ocrx_word' id='word_1_120' title='bbox 1488 1950 1550 1988; x_wconf 88' lang='lat' dir='ltr'><strong>se</strong></span> <span class='ocrx_word' id='word_1_121' title='bbox 1589 1931 1836 2007; x_wconf 87' lang='lat' dir='ltr'><strong>quisque</strong></span> <span class='ocrx_word' id='word_1_122' title='bbox 1875 1950 1973 1989; x_wconf 86' lang='lat' dir='ltr'><strong>ex-</strong></span> 
     </span>
     <span class='ocr_line' id='line_1_19' title="bbox 194 2025 1971 2103; baseline 0.002 -21"><span class='ocrx_word' id='word_1_123' title='bbox 194 2025 424 2092; x_wconf 83' lang='lat' dir='ltr'><strong>tollere,</strong></span> <span class='ocrx_word' id='word_1_124' title='bbox 449 2026 749 2102; x_wconf 80' lang='lat' dir='ltr'><strong>magisque</strong></span> <span class='ocrx_word' id='word_1_125' title='bbox 781 2027 1089 2103; x_wconf 83' lang='lat' dir='ltr'><strong>ingenium&#39;</strong></span> <span class='ocrx_word' id='word_1_126' title='bbox 1108 2028 1172 2084; x_wconf 90' lang='lat' dir='ltr'><strong>in</strong></span> <span class='ocrx_word' id='word_1_127' title='bbox 1201 2033 1477 2102; x_wconf 86' lang='lat' dir='ltr'><strong>promptu</strong></span> <span class='ocrx_word' id='word_1_128' title='bbox 1502 2026 1730 2084; x_wconf 88' lang='lat' dir='ltr'><strong>habere.</strong></span> <span class='ocrx_word' id='word_1_129' title='bbox 1812 2025 1876 2083; x_wconf 82' lang='lat' dir='ltr'>N</span> <span class='ocrx_word' id='word_1_130' title='bbox 1876 2046 1971 2085; x_wconf 86' lang='lat' dir='ltr'><strong>am</strong></span> 
     </span>
     <span class='ocr_line' id='line_1_20' title="bbox 76 2121 1972 2203; baseline 0.001 -25"><span class='ocrx_word' id='word_1_131' title='bbox 76 2130 115 2203; x_wconf 73' lang='lat' dir='ltr'><em>s</em></span> <span class='ocrx_word' id='word_1_132' title='bbox 195 2121 432 2197; x_wconf 83' lang='lat' dir='ltr'><strong>regibus</strong></span> <span class='ocrx_word' id='word_1_133' title='bbox 457 2122 614 2188; x_wconf 86' lang='lat' dir='ltr'><strong>boni,</strong></span> <span class='ocrx_word' id='word_1_134' title='bbox 646 2140 823 2197; x_wconf 91' lang='lat' dir='ltr'><strong>quam</strong></span> <span class='ocrx_word' id='word_1_135' title='bbox 848 2122 1004 2193; x_wconf 86' lang='lat' dir='ltr'><strong>mali,</strong></span> <span class='ocrx_word' id='word_1_136' title='bbox 1043 2121 1424 2197; x_wconf 85' lang='lat' dir='ltr'><strong>suspectiores</strong></span> <span class='ocrx_word' id='word_1_137' title='bbox 1449 2126 1612 2192; x_wconf 79' lang='lat' dir='ltr'><strong>sunt„</strong></span> <span class='ocrx_word' id='word_1_138' title='bbox 1634 2134 1972 2200; x_wconf 82' lang='lat' dir='ltr'><strong>semperque</strong></span> 
     </span>
     <span class='ocr_line' id='line_1_21' title="bbox 66 2204 1968 2288; baseline 0 -14"><span class='ocrx_word' id='word_1_139' title='bbox 66 2214 83 2227; x_wconf 46' lang='lat'>⁸</span> <span class='ocrx_word' id='word_1_140' title='bbox 193 2217 288 2274; x_wconf 86' lang='lat' dir='ltr'><strong>his</strong></span> <span class='ocrx_word' id='word_1_141' title='bbox 332 2217 524 2275; x_wconf 85' lang='lat' dir='ltr'><strong>aliena</strong></span> <span class='ocrx_word' id='word_1_142' title='bbox 567 2218 756 2274; x_wconf 83' lang='lat' dir='ltr'><strong>virtus</strong></span> <span class='ocrx_word' id='word_1_143' title='bbox 791 2217 1162 2275; x_wconf 80' lang='lat' dir='ltr'><strong>formidolosa</strong></span> <span class='ocrx_word' id='word_1_144' title='bbox 1195 2204 1296 2275; x_wconf 60' lang='grc' dir='ltr'><strong>ζεῦ.</strong></span> <span class='ocrx_word' id='word_1_145' title='bbox 1383 2216 1500 2274; x_wconf 83' lang='lat' dir='ltr'><strong>Sed</strong></span> <span class='ocrx_word' id='word_1_146' title='bbox 1525 2216 1747 2288; x_wconf 85' lang='lat' dir='ltr'><strong>civitas,</strong></span> <span class='ocrx_word' id='word_1_147' title='bbox 1784 2217 1968 2274; x_wconf 86' lang='lat' dir='ltr'><strong>incre·</strong></span> 
     </span>
     <span class='ocr_line' id='line_1_22' title="bbox 194 2310 1971 2388; baseline 0.001 -19"><span class='ocrx_word' id='word_1_148' title='bbox 194 2312 374 2371; x_wconf 85' lang='lat' dir='ltr'><strong>dibile</strong></span> <span class='ocrx_word' id='word_1_149' title='bbox 401 2317 728 2370; x_wconf 86' lang='lat' dir='ltr'><strong>memoratu</strong></span> <span class='ocrx_word' id='word_1_150' title='bbox 772 2316 875 2384; x_wconf 87' lang='lat' dir='ltr'><strong>est,</strong></span> <span class='ocrx_word' id='word_1_151' title='bbox 920 2311 1131 2388; x_wconf 80' lang='lat' dir='ltr'><strong>adepta</strong></span> <span class='ocrx_word' id='word_1_152' title='bbox 1166 2310 1454 2383; x_wconf 81' lang='lat' dir='ltr'><strong>libertate,</strong></span> <span class='ocrx_word' id='word_1_153' title='bbox 1494 2318 1780 2388; x_wconf 85' lang='lat' dir='ltr'><strong>quantum</strong></span> <span class='ocrx_word' id='word_1_154' title='bbox 1806 2312 1971 2373; x_wconf 79' lang='lat' dir='ltr'><strong>brevi</strong></span> 
     </span>
     <span class='ocr_line' id='line_1_23' title="bbox 193 2408 1968 2487; baseline -0.002 -18"><span class='ocrx_word' id='word_1_155' title='bbox 193 2410 477 2469; x_wconf 81' lang='lat' dir='ltr'><strong>creverit:</strong></span> <span class='ocrx_word' id='word_1_156' title='bbox 517 2416 688 2468; x_wconf 81' lang='lat' dir='ltr'><strong>tanta</strong></span> <span class='ocrx_word' id='word_1_157' title='bbox 712 2410 923 2485; x_wconf 89' lang='lat' dir='ltr'><strong>cupido</strong></span> <span class='ocrx_word' id='word_1_158' title='bbox 937 2410 1135 2486; x_wconf 85' lang='lat' dir='ltr'><strong>gloriae</strong></span> <span class='ocrx_word' id='word_1_159' title='bbox 1155 2409 1480 2466; x_wconf 83' lang='lat' dir='ltr'><strong>incesserat.</strong></span> <span class='ocrx_word' id='word_1_160' title='bbox 1552 2408 1595 2466; x_wconf 84' lang='lat' dir='ltr'><strong>J</strong></span> <span class='ocrx_word' id='word_1_161' title='bbox 1596 2427 1691 2464; x_wconf 86' lang='lat' dir='ltr'><strong>am</strong></span> <span class='ocrx_word' id='word_1_162' title='bbox 1711 2409 1968 2487; x_wconf 90' lang='lat' dir='ltr'><strong>primum</strong></span> 
     </span>
     <span class='ocr_line' id='line_1_24' title="bbox 184 2504 1968 2582; baseline -0.001 -19"><span class='ocrx_word' id='word_1_163' title='bbox 184 2507 483 2582; x_wconf 84' lang='lat' dir='ltr'><strong>juventus,</strong></span> <span class='ocrx_word' id='word_1_164' title='bbox 513 2506 691 2564; x_wconf 89' lang='lat' dir='ltr'><strong>simul</strong></span> <span class='ocrx_word' id='word_1_165' title='bbox 723 2505 937 2563; x_wconf 88' lang='lat' dir='ltr'><strong>laboris</strong></span> <span class='ocrx_word' id='word_1_166' title='bbox 970 2524 1038 2561; x_wconf 88' lang='lat' dir='ltr'><strong>ac</strong></span> <span class='ocrx_word' id='word_1_167' title='bbox 1073 2505 1215 2562; x_wconf 86' lang='lat' dir='ltr'><strong>belli</strong></span> <span class='ocrx_word' id='word_1_168' title='bbox 1249 2504 1475 2580; x_wconf 86' lang='lat' dir='ltr'><strong>patiens</strong></span> <span class='ocrx_word' id='word_1_169' title='bbox 1502 2509 1645 2576; x_wconf 88' lang='lat' dir='ltr'><strong>erat,</strong></span> <span class='ocrx_word' id='word_1_170' title='bbox 1674 2504 1737 2559; x_wconf 89' lang='lat' dir='ltr'><strong>in</strong></span> <span class='ocrx_word' id='word_1_171' title='bbox 1764 2505 1968 2562; x_wconf 83' lang='lat' dir='ltr'><strong>castris</strong></span> 
     </span>
     <span class='ocr_line' id='line_1_25' title="bbox 193 2599 1968 2677; baseline -0.001 -19"><span class='ocrx_word' id='word_1_172' title='bbox 193 2619 296 2676; x_wconf 85' lang='lat' dir='ltr'><strong>per</strong></span> <span class='ocrx_word' id='word_1_173' title='bbox 321 2620 495 2659; x_wconf 88' lang='lat' dir='ltr'><strong>usum</strong></span> <span class='ocrx_word' id='word_1_174' title='bbox 518 2602 792 2659; x_wconf 88' lang='lat' dir='ltr'><strong>militiam</strong></span> <span class='ocrx_word' id='word_1_175' title='bbox 812 2601 1105 2659; x_wconf 86' lang='lat' dir='ltr'><strong>discebat:</strong></span> <span class='ocrx_word' id='word_1_176' title='bbox 1149 2601 1450 2677; x_wconf 84' lang='lat' dir='ltr'><strong>magisque</strong></span> <span class='ocrx_word' id='word_1_177' title='bbox 1469 2600 1534 2656; x_wconf 86' lang='lat' dir='ltr'><strong>in</strong></span> <span class='ocrx_word' id='word_1_178' title='bbox 1553 2599 1968 2657; x_wconf 77' lang='lat' dir='ltr'><strong>decorisarmis</strong></span> 
     </span>
     <span class='ocr_line' id='line_1_26' title="bbox 192 2694 1961 2772; baseline 0.001 -20"><span class='ocrx_word' id='word_1_179' title='bbox 192 2702 255 2753; x_wconf 87' lang='lat' dir='ltr'><strong>et</strong></span> <span class='ocrx_word' id='word_1_180' title='bbox 289 2697 643 2754; x_wconf 85' lang='lat' dir='ltr'><strong>militaribus</strong></span> <span class='ocrx_word' id='word_1_181' title='bbox 677 2697 857 2772; x_wconf 88' lang='lat' dir='ltr'><strong>equis,</strong></span> <span class='ocrx_word' id='word_1_182' title='bbox 899 2715 1076 2772; x_wconf 87' lang='lat' dir='ltr'><strong>quam</strong></span> <span class='ocrx_word' id='word_1_183' title='bbox 1111 2696 1177 2752; x_wconf 88' lang='lat' dir='ltr'><strong>in</strong></span> <span class='ocrx_word' id='word_1_184' title='bbox 1216 2694 1422 2754; x_wconf 83' lang='lat' dir='ltr'><strong>scortis</strong></span> <span class='ocrx_word' id='word_1_185' title='bbox 1453 2701 1633 2772; x_wconf 89' lang='lat' dir='ltr'><strong>atque</strong></span> <span class='ocrx_word' id='word_1_186' title='bbox 1663 2696 1961 2769; x_wconf 82' lang='lat' dir='ltr'><strong>conviviis,</strong></span> 
     </span>
     <span class='ocr_line' id='line_1_27' title="bbox 191 2791 1966 2868; baseline 0 -18"><span class='ocrx_word' id='word_1_187' title='bbox 191 2791 512 2851; x_wconf 87' lang='lat' dir='ltr'><strong>lubidinem</strong></span> <span class='ocrx_word' id='word_1_188' title='bbox 558 2792 867 2857; x_wconf 76' lang='lat' dir='ltr'><strong>habebant.</strong></span> <span class='ocrx_word' id='word_1_189' title='bbox 953 2791 1150 2868; x_wconf 82' lang='lat' dir='ltr'><strong>Igitur</strong></span> <span class='ocrx_word' id='word_1_190' title='bbox 1196 2792 1413 2849; x_wconf 85' lang='lat' dir='ltr'><strong>talibus</strong></span> <span class='ocrx_word' id='word_1_191' title='bbox 1450 2791 1594 2848; x_wconf 82' lang='lat' dir='ltr'><strong>viris</strong></span> <span class='ocrx_word' id='word_1_192' title='bbox 1639 2811 1760 2849; x_wconf 89' lang='lat' dir='ltr'><strong>non</strong></span> <span class='ocrx_word' id='word_1_193' title='bbox 1806 2792 1966 2850; x_wconf 85' lang='lat' dir='ltr'><strong>labos</strong></span> 
     </span>
     <span class='ocr_line' id='line_1_28' title="bbox 166 2878 1963 2962; baseline -0.002 -16"><span class='ocrx_word' id='word_1_194' title='bbox 166 2886 475 2961; x_wconf 64' lang='lat' dir='ltr'><strong>insolitus,</strong></span> <span class='ocrx_word' id='word_1_195' title='bbox 517 2906 638 2945; x_wconf 87' lang='lat' dir='ltr'><strong>non</strong></span> <span class='ocrx_word' id='word_1_196' title='bbox 670 2887 833 2946; x_wconf 86' lang='lat' dir='ltr'><strong>locus</strong></span> <span class='ocrx_word' id='word_1_197' title='bbox 873 2887 1029 2944; x_wconf 85' lang='lat' dir='ltr'><strong>ullus</strong></span> <span class='ocrx_word' id='word_1_198' title='bbox 1062 2905 1232 2962; x_wconf 88' lang='lat' dir='ltr'><strong>asper</strong></span> <span class='ocrx_word' id='word_1_199' title='bbox 1261 2891 1367 2942; x_wconf 88' lang='lat' dir='ltr'><strong>aut</strong></span> <span class='ocrx_word' id='word_1_200' title='bbox 1401 2885 1618 2942; x_wconf 88' lang='lat' dir='ltr'><strong>arduus</strong></span> <span class='ocrx_word' id='word_1_201' title='bbox 1659 2878 1802 2957; x_wconf 77' lang='lat' dir='ltr'><strong>erat,</strong></span> <span class='ocrx_word' id='word_1_202' title='bbox 1842 2903 1963 2944; x_wconf 86' lang='lat' dir='ltr'><strong>non</strong></span> 
     </span>
     <span class='ocr_line' id='line_1_29' title="bbox 189 2982 1958 3043; baseline 0.001 -2"><span class='ocrx_word' id='word_1_203' title='bbox 189 2990 449 3042; x_wconf 77' lang='lat' dir='ltr'><strong>armatus</strong></span> <span class='ocrx_word' id='word_1_204' title='bbox 482 2984 666 3043; x_wconf 85' lang='lat' dir='ltr'><strong>hostis</strong></span> <span class='ocrx_word' id='word_1_205' title='bbox 696 2983 1098 3041; x_wconf 88' lang='lat' dir='ltr'><strong>formidolosus</strong></span> <span class='ocrx_word' id='word_1_206' title='bbox 1121 3003 1135 3040; x_wconf 90' lang='lat'><strong>:</strong></span> <span class='ocrx_word' id='word_1_207' title='bbox 1178 2983 1368 3040; x_wconf 87' lang='lat' dir='ltr'><strong>virtus</strong></span> <span class='ocrx_word' id='word_1_208' title='bbox 1401 2982 1597 3039; x_wconf 84' lang='lat' dir='ltr'><strong>omnia</strong></span> <span class='ocrx_word' id='word_1_209' title='bbox 1640 2982 1958 3042; x_wconf 80' lang='lat' dir='ltr'><strong>domuerat.</strong></span> 
     </span>
    </p>
   </div>
   <div class='ocr_carea' id='block_1_3' title="bbox 17 2555 39 2589">
    <p class='ocr_par' dir='ltr' id='par_1_3' title="bbox 17 2555 39 2589">
     <span class='ocr_line' id='line_1_30' title="bbox 17 2555 39 2589; baseline 0 0"><span class='ocrx_word' id='word_1_210' title='bbox 17 2555 39 2589; x_wconf 57' lang='grc' dir='ltr'>ἲ</span> 
     </span>
    </p>
   </div>
   <div class='ocr_carea' id='block_1_4' title="bbox 186 3076 1961 3453">
    <p class='ocr_par' dir='ltr' id='par_1_4' title="bbox 186 3076 1961 3453">
     <span class='ocr_line' id='line_1_31' title="bbox 189 3076 1961 3157; baseline -0.003 -17"><span class='ocrx_word' id='word_1_211' title='bbox 189 3080 302 3140; x_wconf 77' lang='lat' dir='ltr'><strong>Sed</strong></span> <span class='ocrx_word' id='word_1_212' title='bbox 327 3081 526 3157; x_wconf 76' lang='lat' dir='ltr'><strong>gloriae</strong></span> <span class='ocrx_word' id='word_1_213' title='bbox 551 3076 1194 3143; x_wconf 53' lang='lat' dir='ltr'><strong>mamuffcertamen</strong></span> <span class='ocrx_word' id='word_1_214' title='bbox 1218 3080 1376 3137; x_wconf 88' lang='lat' dir='ltr'><strong>inter</strong></span> <span class='ocrx_word' id='word_1_215' title='bbox 1389 3078 1553 3154; x_wconf 76' lang='lat' dir='ltr'><strong>‚ipsos</strong></span> <span class='ocrx_word' id='word_1_216' title='bbox 1579 3085 1740 3137; x_wconf 84' lang='lat' dir='ltr'><strong>erat:</strong></span> <span class='ocrx_word' id='word_1_217' title='bbox 1781 3078 1864 3135; x_wconf 91' lang='lat' dir='ltr'><strong>sic</strong></span> <span class='ocrx_word' id='word_1_218' title='bbox 1899 3096 1961 3134; x_wconf 88' lang='lat' dir='ltr'><strong>se</strong></span> 
     </span>
     <span class='ocr_line' id='line_1_32' title="bbox 186 3158 1961 3254; baseline -0.005 -18"><span class='ocrx_word' id='word_1_219' title='bbox 186 3177 432 3254; x_wconf 84' lang='lat' dir='ltr'><strong>quisque</strong></span> <span class='ocrx_word' id='word_1_220' title='bbox 488 3177 716 3235; x_wconf 86' lang='lat' dir='ltr'><strong>bostem</strong></span> <span class='ocrx_word' id='word_1_221' title='bbox 769 3158 959 3248; x_wconf 80' lang='lat' dir='ltr'><strong>ferire,</strong></span> <span class='ocrx_word' id='word_1_222' title='bbox 1010 3193 1247 3231; x_wconf 86' lang='lat' dir='ltr'><strong>murum</strong></span> <span class='ocrx_word' id='word_1_223' title='bbox 1293 3172 1651 3243; x_wconf 83' lang='lat' dir='ltr'><strong>adscendere,</strong></span> <span class='ocrx_word' id='word_1_224' title='bbox 1707 3171 1961 3246; x_wconf 86' lang='lat' dir='ltr'><strong>conspici</strong></span> 
     </span>
     <span class='ocr_line' id='line_1_33' title="bbox 187 3265 1955 3347; baseline -0.003 -17"><span class='ocrx_word' id='word_1_225' title='bbox 187 3273 327 3331; x_wconf 89' lang='lat' dir='ltr'><strong>dum</strong></span> <span class='ocrx_word' id='word_1_226' title='bbox 385 3272 505 3331; x_wconf 79' lang='lat' dir='ltr'><strong>tale</strong></span> <span class='ocrx_word' id='word_1_227' title='bbox 559 3272 782 3343; x_wconf 83' lang='lat' dir='ltr'><strong>facinus</strong></span> <span class='ocrx_word' id='word_1_228' title='bbox 838 3273 1070 3342; x_wconf 82' lang='lat' dir='ltr'><strong>faceret,</strong></span> <span class='ocrx_word' id='word_1_229' title='bbox 1124 3270 1512 3347; x_wconf 79' lang='lat' dir='ltr'><strong>properabat3</strong></span> <span class='ocrx_word' id='word_1_230' title='bbox 1569 3287 1663 3325; x_wconf 81' lang='lat' dir='ltr'><strong>eas</strong></span> <span class='ocrx_word' id='word_1_231' title='bbox 1703 3265 1955 3338; x_wconf 81' lang='lat' dir='ltr'><strong>divitias,</strong></span> 
     </span>
     <span class='ocr_line' id='line_1_34' title="bbox 187 3356 1956 3453; baseline -0.007 -22"><span class='ocrx_word' id='word_1_232' title='bbox 187 3386 310 3431; x_wconf 65' lang='lat' dir='ltr'><strong>eam</strong></span> <span class='ocrx_word' id='word_1_233' title='bbox 335 3367 550 3453; x_wconf 80' lang='lat' dir='ltr'><strong>bonam</strong></span> <span class='ocrx_word' id='word_1_234' title='bbox 574 3367 790 3426; x_wconf 83' lang='lat' dir='ltr'><strong>famam</strong></span> <span class='ocrx_word' id='word_1_235' title='bbox 813 3383 1200 3451; x_wconf 82' lang='lat' dir='ltr'><strong>magnamque</strong></span> <span class='ocrx_word' id='word_1_236' title='bbox 1235 3356 1605 3421; x_wconf 67' lang='lat' dir='ltr'><strong>nobilitatem</strong></span> <span class='ocrx_word' id='word_1_237' title='bbox 1630 3360 1956 3439; x_wconf 76' lang='lat' dir='ltr'><strong>putabant3</strong></span> 
     </span>
    </p>
   </div>
  </div>
 </body>
</html>
