2292 3692
300 200 333 215 *37
369 204 409 214 ..ιι
430 198 451 219 f

286 215 305 305 ἰ
330 234 408 294 22
436 230 445 273 -·’
763 232 964 295 ΒΑΜ
979 234 1214 293 USTJJ
1262 233 1358 295 UA
1365 233 1668 295 TJLJNA„

319 308 415 324 W

320 384 518 443 studio
557 390 838 462 permota,
871 392 978 443 aut
1004 386 1274 462 superbia
1304 386 1769 462 magistratuum,
1799 378 2026 442 armata
2060 376 2097 442 a

321 483 588 558 patribus
613 483 867 549 secessit.r
931 482 1024 540 At
1050 502 1158 559 nos
1184 502 1303 540 non
1324 483 1634 558 imperium
1654 501 1843 558 neque
1863 483 2103 540 divitias

320 577 592 655 petimus,
629 596 879 655 quarum
914 597 1113 635 rerum
1154 597 1357 636 caussa
1393 578 1547 636 bella
1582 583 1759 654 atque
1784 579 2104 637 certamina

320 672 518 731 omnia
542 671 700 731 inter
724 674 999 731 mortales
1024 679 1168 735 sunt
1187 693 1205 747 3
1243 675 1344 731 sed
1363 674 1713 742 libertatem,
1730 688 1909 751 quam
1929 693 2104 745 nemo

319 767 524 845 bonus,
552 770 671 826 nisi
697 788 829 827 cum
856 771 1054 828 anima
1079 770 1270 841 simul,
1305 769 1541 835 amittit.
1627 770 1711 828 Te
1736 776 1915 846 atque
1939 787 2101 827 sena-

200 924 203 927 .
319 868 450 922 tum
476 864 855 937 obtestamur,
885 865 1203 923 consulatis
1215 865 1456 922 -Jniseris
1483 866 1709 923 civibus
1728 885 1747 938 3
1787 864 1933 940 legis
1957 874 2101 941 μή·

317 959 549 1032 sidium,
577 960 757 1038 .quod
807 959 1091 1036 iniquitas
1145 962 1411 1038 praetoris
1460 962 1692 1036 eripuit,
1735 961 2099 1019 restituatis:

317 1077 468 1117 neve
505 1077 636 1116 eam
674 1059 846 1116 nobis
884 1058 1374 1139 necessitudinem
1416 1059 1742 1135 imponatis,
1771 1064 1845 1115 ut
1882 1076 2102 1133 quaera·

317 1173 465 1238 mue,
501 1174 756 1230 quonam
792 1155 966 1237 modo
1004 1155 1121 1212 ulti
1155 1155 1411 1212 maxime
1447 1154 1792 1231 sanguinem
1829 1158 2098 1210 nostrum

316 1253 671 1328 pereamus.”

325 1394 329 1399 .
438 1347 757 1407 XXXIV.
840 1348 945 1406 Ad
1003 1348 1126 1406 haec
1184 1348 1254 1417 Ω.
1300 1347 1598 1405 Marcius:
1659 1351 1698 1380 “
1718 1345 1783 1402 Si
1831 1342 1978 1423 quid
2025 1345 2102 1401 ab
2254 1376 2279 1413 ⁴

318 1449 524 1500 senatu
552 1449 751 1519 petere
776 1443 1012 1515 vellent,
1043 1443 1118 1500 ab
1144 1443 1323 1500 armis
1344 1442 1662 1513 discedant,
1687 1440 1939 1498 Romam
1966 1457 2099 1514 sup·

316 1538 495 1615 plices
531 1539 1010 1615 proficiscuntur:
1061 1559 1132 1601 ea
1172 1539 1621 1597 mansuetudine
1659 1544 1838 1613 atque
1877 1535 2099 1593 miseri·

317 1633 515 1692 cordia
553 1640 820 1697 senatum
861 1634 1261 1711 populumque
1289 1634 1624 1691 Romanum
1650 1650 1876 1707 semper
1900 1630 2098 1701 fuisse,

318 1735 390 1789 ut
416 1750 600 1789 -nemo
648 1750 913 1808 unquam
960 1733 1034 1789 ab
1075 1750 1143 1788 eo
1181 1731 1400 1788 frustra
1437 1728 1729 1786 auxilium
1767 1726 2098 1802 petiverit.”

315 1826 408 1885 At
437 1827 698 1910 Catilina
722 1847 800 1886 ex
824 1828 1040 1887 itinere
1057 1828 1348 1904 plerisque
1374 1826 1789 1896 consularibus,
1816 1830 2100 1900 praeterea

314 1922 538 2000 optimo
572 1924 800 2000 cuique,
839 1924 1069 1981 litteras
1100 1923 1329 1983 mittit:
1378 1926 1413 1956 “
1438 1921 1513 1978 Se
1554 1921 1715 1979 falsis
1756 1918 2098 1976 criminibus
2257 1955 2279 2009 -Ν

315 2020 794 2092 circumventum,
832 2020 1111 2096 quoniam
1150 2018 1392 2076 factioni
1430 2018 1804 2074 inimicorum
1829 2015 2097 2072 resistere

313 2116 663 2190 nequiverit,
700 2116 950 2172 fortunae
987 2116 1204 2187 cedere,
1243 2113 1570 2172 Massiliam
1597 2114 1664 2170 in
1690 2111 1937 2169 exilium
1963 2126 2096 2185 pro-

311 2194 492 2268 ficis&
510 2229 530 2282 3
571 2229 693 2267 non
709 2229 824 2286 quo
844 2212 959 2268 sibi
973 2212 1130 2268 tanti
1151 2210 1381 2268 sceleris
1409 2210 1670 2268 conscius
1695 2214 1861 2280 esset,
1881 2207 1984 2265 sed
2001 2206 2097 2262 uti

311 2304 635 2380 respublica
658 2307 860 2382 quieta
883 2308 1052 2379 foret,
1079 2325 1231 2364 neve
1255 2324 1333 2363 ex
1357 2324 1464 2363 sua
1488 2306 1865 2362 contentione
1886 2300 2096 2359 seditio

313 2402 616 2462 oriretur.”
682 2403 787 2462 Ab
813 2403 906 2461 his
920 2404 1092 2479 longe
1115 2405 1373 2462 diversas
1397 2403 1627 2460 litteras
1655 2401 1725 2470 Q.
1758 2401 2003 2458 Catulus
2028 2399 2097 2457 in

311 2504 523 2587 senatu·
556 2498 843 2567 recitavit,
891 2518 1038 2577 quas
1077 2500 1191 2556 sibi
1237 2500 1476 2556 nomine
1526 2497 1797 2554 Catilinae
1836 2494 2097 2553 redditas
2273 2476 2279 2575 l

311 2593 542 2652 dicebat
565 2614 579 2652 t
621 2614 822 2652 earum
849 2595 1184 2670 exemplum
1210 2595 1366 2652 infra
1389 2594 1673 2669 scriptum
1700 2611 1716 2650 ε

430 2688 706 2749 XXXV.
799 2695 836 2725 “
859 2691 924 2750 L.
974 2690 1234 2748 Catilina
1274 2691 1342 2759 Ω.
1390 2689 1619 2750 Catule.
1703 2686 1953 2763 Egregia
1989 2690 2099 2742 tua
2262 2690 2279 2753 ,⁴

312 2785 470 2859 fides,
511 2806 577 2844 re
615 2788 866 2864 cognita,
901 2795 1130 2864 gratam
1164 2789 1229 2845 in
1255 2788 1483 2864 magnis
1516 2780 1787 2862 periculis
1820 2783 2097 2845 fiduciam

250 2875 260 2885 “
312 2884 800 2941 commendationi
823 2902 968 2941 meoe
988 2883 1225 2943 tribuit.
1291 2883 1681 2952 Quamobrem
1701 2879 2098 2945 defensionem

313 2975 379 3033 in
403 2995 559 3035 novo
593 2979 835 3036 consilio
878 2998 999 3036 non
1034 2979 1218 3037 statui
1252 2997 1496 3055 parare:
1538 2976 1989 3035 satisfactionem
2016 2993 2097 3032 ex

311 3070 477 3129 nulla
515 3074 868 3132 conscientia
906 3075 980 3132 de
1028 3074 1200 3150 culpa
1238 3092 1559 3151 proponere
1608 3072 1851 3153 decrevi,
1896 3089 2093 3147 quam,

311 3185 405 3224 me
430 3168 564 3226 dius
588 3170 778 3243 fidius,
807 3189 1009 3227 veram
1036 3170 1177 3228 licet
1202 3189 1521 3246 cognoscas.
1606 3169 1853 3244 Injuriis
1888 3172 2096 3224 contu-

313 3261 614 3338 meliisque
638 3264 977 3336 concitatus,
1007 3265 1183 3340 quod,
1214 3265 1411 3323 fructu
1436 3265 1653 3322 laboris
1671 3262 2096 3338 industriaeque

313 3373 453 3414 meae
480 3358 765 3434 privatus,
783 3365 1008 3417 statum
1035 3361 1344 3447 dignitatis
1359 3380 1481 3420 non
1507 3361 1860 3433 obtinebam,
1897 3359 2106 3436 publi-t
