2292 3692
11 1814 33 2010 r-ae-—v

633 232 845 296 SALL
857 234 1049 294 USTI
1045 234 1089 292 I
1137 234 1549 296 CATILINA.
1907 238 1978 296 21

201 379 464 441 Romaess'
544 380 649 440 Ad
686 382 799 441 hoc
838 384 1150 442 maledicta
1173 385 1294 443 alia.
1317 404 1454 444 cum
1479 386 1738 459 adderet,
1764 387 1984 446 obstre÷

199 495 342 553 pere
380 496 595 549 omnes,
639 477 867 537 hostem
915 485 1095 556 atque
1140 482 1490 557 parricidam
1528 501 1753 543 vocare.
1833 483 1985 541 Tum

200 573 306 632 ille
357 570 749 633 furibundus:
816 579 854 609 “
871 575 1169 644 Quoniam
1216 575 1456 653 quidem
1495 577 1982 650 circumventus,'’

198 671 417 748 inquit,
463 675 502 706 “
514 673 590 730 ab
628 671 885 730 inimicis
923 692 1181 750 praeceps
1218 694 1374 751 agor,
1415 674 1753 733 incendium
1787 694 1981 733 meum

198 769 376 825 ruina
400 768 811 844 restinguam.”

198 903 207 911 -
323 863 613 922 XXXII.
697 865 854 923 Dein
885 884 950 924 se
975 885 1053 923 ex
1077 866 1241 924 curia
1265 866 1504 925 domum
1530 852 1858 944 proripuit3
1899 867 1986 926 ibi

199 957 392 1020 multa
414 979 610 1018 secum
637 959 763 1037 ipse
788 963 1030 1019 volvens
1049 981 1069 1034 ς
1110 962 1269 1038 quod
1294 981 1484 1039 neque
1510 963 1734 1021 insidiae
1762 962 1985 1023 consuli

199 1055 608 1130 procedebant,
649 1064 712 1114 et
747 1058 822 1114 ab
848 1057 1120 1116 incendio
1146 1059 1518 1135 intelligebat
1541 1060 1746 1117 urbem
1765 1059 1985 1135 vigiliis

199 1151 508 1224 munitam,
537 1154 826 1228 optimum
859 1155 1083 1212 factum
1108 1156 1366 1223 credens,
1400 1156 1725 1214 exercitum
1754 1175 1980 1232 augere,

200 1264 271 1304 ac
304 1249 485 1323 prius,
529 1267 705 1325 quam
733 1250 989 1326 legiones
1032 1251 1441 1323 scriberentur,
1481 1257 1822 1327 antecapere
1852 1269 1983 1326 quae

199 1342 358 1400 bello
411 1345 547 1402 usui
602 1344 837 1419 forent,
820 1360 835 1380 ⁶
890 1353 1064 1404 nocte
1108 1347 1465 1423 intempesta
1504 1367 1640 1405 cum
1680 1347 1878 1424 paucis
1916 1347 1983 1405 in

200 1435 510 1498 Manliana
559 1447 750 1499 castra
800 1443 1095 1518 profectus
1141 1448 1250 1503 est
1332 1442 1449 1500 Sed
1498 1442 1756 1520 Cethego
1802 1450 1982 1521 atque

199 1531 471 1608 Lentulo,
502 1536 824 1612 ceterisque
859 1557 1112 1614 quorum
1151 1543 1504 1614 cognoverat
1528 1546 1857 1616 promptam
1882 1559 1981 1597 an·

199 1628 443 1702 daciam,
481 1633 740 1707 mandat,
781 1634 999 1709 quibus
1033 1635 1208 1692 rebus
1243 1641 1500 1710 possent,
1542 1653 1681 1711 opes
1714 1636 1983 1694 factionis

199 1730 561 1803 confirment,
591 1731 833 1788 insidias
861 1732 1086 1789 consuli
1102 1738 1423 1803 maturent,
1454 1733 1666 1790 caedem
1692 1733 1979 1806 incendia,

199 1826 433 1902 aliaque
472 1827 617 1885 belli
661 1829 919 1885 facinora
962 1836 1215 1905 parent:
1261 1848 1384 1886 sese
1426 1847 1605 1906 prope
1649 1829 1805 1886 diem
1846 1846 1982 1887 cum

198 1940 413 1998 magno
464 1924 730 1981 exercitu
781 1924 857 1982 ad
909 1926 1115 1982 urbem
1174 1943 1553 1983 aceessumm.
1645 1923 1809 1982 Dum
1858 1924 1985 1982 haeo

200 2016 407 2076 Romae
444 2024 749 2095 geruntur,
790 2020 854 2080 C.
894 2020 1161 2078 Manlius
1192 2040 1270 2079 ex
1308 2039 1416 2079 suo
1450 2037 1695 2077 numero
1720 2020 1799 2077 ad
1812 2018 1986 2077 -Mar-

199 2114 357 2172 cium
385 2114 610 2190 Regem
636 2117 844 2186 mittit,
873 2136 1007 2175 cum
1033 2117 1327 2174 mandatis
1353 2116 1755 2192 hujuscemodi
1778 2138 1793 2175 z

210 2214 217 2220 '
319 2209 642 2272 XXXIII.
730 2216 765 2247 “
782 2212 940 2271 Deos
981 2213 1361 2288 hominesque
1391 2218 1696 2283 testamur,
1738 2213 1986 2289 impera-

197 2311 310 2378 tor,
337 2324 446 2362 nos
466 2326 630 2364 arma
655 2327 846 2384 neque
871 2315 1078 2366 contra
1103 2310 1357 2385 patriam
1383 2309 1619 2385 cepisse,
1648 2327 1838 2384 neque
1863 2326 1982 2385 quo

197 2403 522 2479 periculum
547 2404 678 2461 aliis
705 2404 1038 2483 faceremus,
1067 2406 1170 2462 sed
1190 2406 1281 2462 uti
1300 2424 1541 2482 corpora
1565 2410 1768 2462 nostra.
1790 2405 1867 2463 ab
1885 2405 1984 2465 in*
2007 2478 2016 2489 1

189 2498 353 2573 juria
379 2503 516 2556 tuta
539 2499 773 2572 forent,
759 2518 773 2535 ·
813 2502 920 2576 qui
947 2502 1176 2572 miseri,s
1206 2507 1457 2576 egentes,
1494 2501 1779 2558 violentia
1800 2506 1979 2576 atque

197 2593 544 2651 crudelitate
587 2594 998 2667 feneratorum,
1043 2595 1307 2671 plerique
1361 2595 1581 2670 patriae,
1633 2593 1735 2652 sed
1780 2612 1983 2652 omnes

197 2689 354 2747 fama
392 2694 572 2769 atque
610 2690 878 2760 fortunis,
915 2696 1184 2767 expertes
1209 2709 1448 2748 sumus.
1488 2709 1678 2765 neque
1705 2689 1979 2765 cuiquam

196 2792 470 2844 nostrum
494 2787 679 2858 licuit,
725 2806 885 2845 more
910 2788 1216 2864 majorum,
1244 2788 1372 2862 lege
1396 2786 1506 2859 uti,
1535 2804 1742 2861 neque,
1770 2785 1978 2843 amisso

195 2881 571 2957 patrimoniO,
600 2881 849 2939 liberum
869 2900 1078 2958 corpus
1104 2883 1356 2956 habere;
1398 2887 1568 2939 tanta
1586 2882 1809 2939 saevitia
1826 2881 1981 2938 fene-

194 2981 464 3032 ratorum
502 2982 680 3052 atque
718 2978 986 3053 praetoris
1018 2977 1152 3034 fuit.
1236 2978 1402 3054 Βεερῤ
1427 2978 1673 3053 majores
1698 2982 1974 3048 vestrum,
2032 3050 2066 3065 Ἣ

194 3071 449 3135 miseriti
476 3072 665 3148 plebis
691 3072 989 3145 Romame,
1028 3073 1276 3133 decretis
1310 3075 1432 3132 suis
1465 3075 1677 3151 inopiae
1702 3072 1978 3150 opitulati
2063 3096 2081 3114 ·

195 3174 341 3226 sunt
359 3189 377 3226 ε
417 3188 487 3226 ac
513 3171 848 3252 novissime,
875 3171 1158 3230 memoria
1182 3180 1399 3244 nostra,
1429 3179 1667 3249 propter
1689 3168 1982 3246 magnitu-

197 3262 400 3320 dinem
424 3265 561 3321 aeris
585 3266 783 3340 alieni,
803 3267 1139 3325 volentibus
1165 3269 1437 3325 omnibus
1463 3267 1644 3339 bonis,
1671 3269 1976 3340 argentum

197 3378 312 3419 aere
349 3360 613 3427 solutum
653 3368 757 3425 est.
841 3362 1004 3440 Saepe
1050 3363 1179 3441 ipsa
1215 3364 1428 3441 plebes,
1486 3368 1593 3421 aut
1639 3359 1980 3433 dominandi
