2292 3692
319 247 397 305 84
719 245 919 306 ΒΑΜ
934 245 1166 305 USTJJ
1196 227 1375 306 'JUG
1387 246 1686 307 URTHA.

318 403 628 461 habuisset.
715 402 850 459 Nisi
885 408 1077 460 tamen
1124 422 1216 459 res
1253 403 1502 478 publica,
1550 402 1771 477 pariter
1804 420 1871 458 ac
1904 402 2094 458 saevis-

319 499 465 554 simo
491 498 748 573 imperi0,
778 499 926 555 bene
952 503 1129 573 atque
1157 497 1358 554 decore
1384 503 1561 572 gesta.

440 593 535 651 CI.
624 593 819 668 Igitur
873 600 1083 669 quarto
1144 594 1393 669 denique
1449 594 1559 663 die,
1610 592 1768 649 haud
1805 592 1978 668 longe
2017 593 2092 649 ab

317 690 528 765 oppido
585 689 764 762 Cirta,
832 692 1091 766 undique
1154 691 1329 748 simul
1376 690 1760 765 speculatores
1813 689 1917 748 citi
1969 708 2092 745 sese

318 785 668 842 ostendunt:
725 804 842 861 qua
895 805 959 843 re
1004 787 1199 843 hostes
1250 787 1447 843 adesse
1499 786 1862 859 intelligitur.
1958 784 2088 856 Sed,

318 883 457 958 quia
492 882 707 939 diversi
753 884 1076 953 redeuntes,
1114 884 1266 941 alius
1298 886 1374 941 ab
1409 884 1524 940 alia
1548 895 1731 958 parte,
1772 889 1948 957 atque
1976 902 2092 939 om-

315 997 417 1035 nes
442 979 598 1035 idem
625 980 1024 1055 significabant
1045 1000 1062 1051 3
1105 980 1326 1052 consul,
1353 982 1611 1037 incertus
1638 999 1889 1055 quonam
1918 980 2091 1038 modo

317 1075 501 1131 aciem
539 1076 872 1147 instrueret,
912 1076 1077 1132 nullo
1117 1075 1320 1133 ordine
1361 1082 1729 1145 commutatO,
1782 1075 2089 1131 adversum

317 1172 512 1227 omnia
563 1177 814 1246 paratus,
867 1172 1085 1228 ibidem
1147 1173 1463 1248 opperitur.
1562 1170 1662 1228 Ita
1729 1171 1772 1228 J
1774 1171 2091 1246 ugurtham

317 1285 445 1341 spes
470 1266 766 1336 frustrata,
787 1268 892 1341 qui
907 1268 1097 1342 copias
1116 1268 1182 1324 in
1202 1273 1453 1342 quatuor
1470 1275 1665 1343 partes
1691 1267 2087 1335 distribuerat,

316 1367 480 1418 ratus
518 1382 592 1419 ex
635 1364 903 1419 omnibus
931 1383 1095 1439 aeque
1132 1364 1354 1439 aliquos
1382 1365 1454 1420 ab
1475 1370 1638 1438 tergo
1665 1364 1928 1420 hostibus
1956 1382 2093 1419 ven·

318 1463 499 1513 turos,
571 1458 818 1514 Interim
850 1458 1026 1529 Sulla,
1053 1478 1227 1534 quem
1247 1460 1499 1534 primum
1523 1460 1716 1514 hostes
1736 1459 2088 1532 adtigerant,

317 1552 650 1609 cohortatus
682 1572 832 1627 suoS,
871 1557 1177 1611 turmatim
1218 1562 1279 1612 et
1315 1574 1491 1631 quam
1522 1556 1775 1611 maxime
1815 1555 2092 1612 confertis

316 1647 495 1722 equis,
543 1649 666 1723 ipse
710 1649 924 1724 aliique
969 1649 1210 1707 Mauros
1249 1650 1575 1706 invadunt:
1633 1650 1811 1706 ceteri
1849 1650 1916 1705 in
1962 1650 2091 1707 loco

314 1750 615 1801 manentes
646 1745 721 1801 ab
752 1746 962 1820 jaculis
995 1748 1220 1802 eminus
1248 1746 1470 1803 emissis
1496 1764 1732 1820 corpora
1762 1751 1968 1820 tegere,
2010 1753 2088 1819 et,

315 1840 365 1896 si
391 1841 495 1916 qui
519 1842 584 1898 in
610 1859 817 1897 manus
844 1847 1139 1911 venerant,
1169 1842 1535 1898 obtrunca-re.
1617 1840 1778 1897 Dum
1814 1860 1881 1897 eo
1917 1843 2093 1899 modo

316 1936 542 2011 equites
567 1937 918 2011 praeliantur,
946 1937 1206 1993 Bocchus
1223 1957 1357 1994 cum
1377 1937 1681 2013 peditibus,
1704 1957 1847 2012 quos
1867 1937 2087 2008 Volux,

316 2033 470 2089 filius
498 2033 638 2107 ejm,
669 2033 1008 2103 adduxerat,
1032 2052 1222 2108 neque
1248 2034 1311 2089 in
1339 2034 1529 2107 priore
1544 2051 1756 2107 pugna,
1786 2032 1851 2088 in
1875 2033 2091 2089 itinere

315 2132 542 2201 morati,
571 2131 890 2200 adfuerant,
920 2135 1268 2204 postremam
1298 2129 1694 2186 Romanorum
1719 2128 1900 2185 aciem
1929 2128 2091 2184 inva-

316 2225 481 2284 dunt.
566 2226 717 2282 Tum
769 2225 993 2282 Marius
1046 2226 1204 2300 apud
1247 2225 1463 2300 primos
1510 2225 1750 2299 agebat3
1807 2224 1965 2298 quod
2006 2226 2091 2280 ibi

317 2322 359 2378 J
366 2321 617 2396 ugurtha
642 2341 775 2378 cum
812 2322 1079 2396 plurimis
1113 2329 1252 2380 erat.
1338 2321 1494 2378 Dein
1540 2321 1815 2391 Numida,
1855 2321 2090 2395 cognito

318 2417 532 2474 Bocchi
558 2418 829 2488 adventu,
860 2419 1005 2475 clam
1033 2438 1164 2476 cum
1193 2419 1390 2493 paucis
1406 2419 1481 2475 ad
1508 2418 1730 2493 pedites
1756 2418 2050 2474 convertit
2074 2437 2087 2473 :

317 2514 400 2569 ibi
426 2512 637 2572 Latine
665 2515 824 2591 (nam
851 2515 1007 2589 apud
1033 2514 1418 2571 Numantiam
1457 2514 1618 2589 loqui
1646 2510 1951 2592 didicerat)
1989 2532 2089 2569 ex-

318 2609 528 2666 clamat
553 2629 567 2666 :
615 2615 650 2643 “
666 2617 891 2667 nostros
905 2611 1121 2667 frustra
1140 2629 1428 2686 pugnare3
1457 2610 1652 2685 paullo
1674 2616 1811 2666 ante
1828 2610 2089 2666 Marium

318 2724 421 2761 sua
445 2724 622 2762 manu
650 2705 1019 2763 interfectum
1039 2708 1086 2778 3''
1130 2706 1304 2764 simul
1336 2707 1593 2780 gladium
1627 2706 1911 2780 sanguine
1947 2706 2091 2763 obli-

318 2812 445 2859 tum
487 2803 804 2875 ostendere,
854 2821 1027 2878 quem
1073 2802 1136 2858 in
1179 2822 1387 2878 pugna,
1431 2802 1571 2859 satis
1609 2803 1855 2877 impigre
1902 2804 2091 2860 occiso

316 2900 510 2975 pedite
550 2905 765 2968 nostro,
809 2904 1228 2956 cruentaverat.
1316 2898 1482 2966 Quod
1523 2899 1627 2953 ubi
1667 2898 1883 2954 milites
1935 2919 2091 2957 acce-

316 3014 467 3070 pere,
497 2996 679 3069 magis
705 2994 1011 3051 atrocitate
1034 2995 1136 3064 rei,
1169 3014 1343 3070 quam
1362 2995 1475 3051 fide
1500 2995 1717 3064 nuncii,
1748 3001 2051 3051 terrentur
2074 3016 2087 3051 :

317 3091 604 3166 simulque
631 3090 866 3146 barbari
892 3089 1116 3146 animos
1137 3090 1355 3161 tollere,
1380 3094 1440 3145 et
1464 3089 1529 3145 in
1556 3088 1847 3165 perculsos
1875 3088 2090 3144 Roma-

317 3202 421 3240 nos
448 3185 635 3240 acrius
660 3185 937 3244 incedere.
1008 3185 1262 3260 Jamque
1283 3184 1543 3259 paullum
1570 3183 1644 3240 ab
1662 3185 1798 3259 fuga
1824 3184 2087 3253 aberant,

318 3297 451 3334 cum
486 3278 664 3350 Sulla,
694 3280 1024 3356 profligatis,
1058 3300 1203 3357 quos
1229 3281 1532 3337 adversum
1560 3281 1725 3351 ierat,
1755 3278 1988 3336 Mauris
2015 3280 2090 3336 ab

317 3372 499 3430 latere
537 3374 800 3433 incurrit.
906 3377 1169 3435 Bocchus
1208 3379 1408 3435 statim
1446 3379 1747 3436 avertitur.
1837 3375 1932 3433 At
1980 3376 2027 3434 J
2031 3396 2090 3433 u-
