2292 3692
593 215 797 279 SALL
812 215 1043 275 USTJI
1090 210 1571 272 JUGUBTHA.
1905 210 2001 266 41.

179 374 458 446 meridie,
498 372 734 430 nomine
782 370 1023 427 Muthul
1048 389 1065 441 3
1120 389 1157 426 a
1196 387 1313 445 quo
1353 368 1554 426 aberat
1594 386 1760 425 mons
1801 366 1981 425 ferme

185 471 383 540 millia
421 487 697 546 passuum
736 484 860 538 xx„
902 472 1100 524 tractu
1139 465 1284 541 pari,
1314 470 1515 521 vastus
1553 464 1628 520 ab
1667 469 1883 521 natura
1920 470 1982 521 et

189 566 452 624 humano
478 564 682 623 cultu:
723 563 825 620 sed
852 582 926 620 ex
954 582 1022 620 eo
1049 561 1240 620 medio
1269 562 1436 636 quasi
1471 560 1633 617 collis
1669 560 1980 628 oriebatur,

189 662 264 721 in
293 661 645 718 immensum
670 660 861 736 pertin
867 678 1024 735 geue,
1047 658 1299 715 vestitus
1324 657 1571 715 oleastro
1596 677 1665 714 ac
1690 657 1980 731 myrtetis,

189 758 443 833 aliisque
493 756 806 832 generibus
857 756 1149 827 arborum,
1198 772 1326 829 quoe
1380 753 1548 810 humi
1593 753 1758 811 arido
1802 759 1981 829 atque

192 871 439 910 arenoso
490 852 827 928 gignuntur.
913 850 1116 908 Media
1167 856 1366 908 autem
1417 851 1690 925 planities
1736 852 1980 921 deserta,

193 948 446 1025 penuria
509 966 693 1022 aquae,
745 952 959 1023 praeter
1022 945 1255 1004 flumini
1306 933 1632 1021 propinqua
1684 947 1845 1005 loca:
1913 963 1984 1005 ea

195 1045 425 1104 consita
474 1043 743 1115 arbustis,
791 1062 997 1119 pecone
1043 1051 1230 1119 atque
1283 1042 1605 1101 cultoribus
1658 1044 1983 1122 frequenta-

201 1143 437 1200 bantur.

322 1235 557 1296 XLIX.
630 1235 828 1312 Igitur
851 1235 915 1293 in
940 1255 1010 1294 eo
1036 1236 1196 1308 colle,
1213 1256 1392 1313 quem
1419 1242 1746 1296 tmnsverso
1773 1238 1984 1297 itinere

199 1340 535 1410 porrectum
561 1332 878 1402 docuimus,
902 1331 945 1387 J
946 1333 1219 1407 ugurtha,
1242 1339 1559 1391 extenuata
1585 1354 1823 1391 suorum
1844 1338 1982 1406 acie,

202 1428 505 1486 consedit:
574 1429 899 1504 elephantis
952 1437 1014 1486 et
1068 1430 1228 1505 parti
1279 1430 1575 1506 copiarum
1628 1433 1985 1508 pedestrium

203 1524 593 1586 Bomilcarem
620 1525 894 1600 praefecit,
915 1544 1166 1601 eumque
1192 1524 1409 1596 edocet,
1429 1546 1558 1601 quae
1587 1535 1784 1601 ageret
1808 1550 1821 1585 τ
1862 1529 1986 1606 ipse

201 1623 442 1699 propior
493 1628 753 1678 montem
807 1641 941 1679 cum
1004 1623 1166 1679 omni
1231 1623 1500 1698 equitatu
1565 1632 1626 1681 et
1692 1626 1987 1700 peditibus

203 1716 445 1775 delectis
497 1736 631 1774 suos
684 1717 926 1775 collocat
944 1737 964 1775 :
1013 1718 1171 1789 dein,
1221 1719 1479 1794 singulas
1531 1725 1756 1777 turmas
1807 1727 1986 1798 atque

203 1817 537 1892 manipulos
583 1815 939 1883 circumiens,
982 1820 1182 1870 monet
1224 1819 1403 1889 atque
1443 1815 1782 1886 obtestatur,
1824 1819 1985 1888 “uti,

204 1931 491 1972 memores
528 1911 788 1987 pristinae
817 1909 1059 1965 virtutis
1096 1909 1455 1985 etfictoriae‚
1483 1930 1605 1967 sese
1630 1900 1988 1988 regnumque

205 2026 383 2064 suum
435 2007 512 2064 ab
558 2005 959 2063 Romanorum
1012 2006 1264 2061 avaritia
1310 2006 1660 2066 defendant:
1717 2027 1850 2064 cum
1897 2008 1990 2078 his

206 2110 502 2161 certamen
533 2103 670 2173 fore,
700 2120 847 2177 quos
873 2106 1048 2158 antea
1073 2102 1260 2159 victos
1295 2103 1405 2159 sub
1437 2103 1646 2178 jugum
1686 2104 1950 2161 miserint
1973 2126 1987 2162 :

205 2200 417 2260 ducem
443 2200 577 2270 iuis,
597 2218 714 2256 nou
734 2199 1011 2268 animum,
1030 2204 1356 2258 mutatum:
1386 2220 1515 2276 quae
1542 2202 1616 2257 ab
1643 2202 1992 2278 imperat-ore

207 2296 530 2362 decuerint,
558 2295 753 2352 omnia
792 2296 914 2352 suis
953 2297 1216 2372 provisa:
1266 2297 1457 2353 locum
1499 2299 1870 2372 superiorem,
1896 2300 1993 2355 uti

207 2393 530 2469 prudentes
568 2397 699 2452 cum
737 2393 1043 2468 imperiti&
1078 2412 1154 2449 ne
1193 2396 1493 2469 pauciores
1532 2414 1664 2451 cum
1707 2394 1990 2470 pluribus,

207 2495 316 2547 aut
355 2489 531 2546 rudes
570 2508 703 2545 cum
741 2489 895 2546 bello
938 2489 1286 2560 melioribus,
1318 2510 1556 2547 manum
1587 2497 1992 2549 consererent:

207 2584 455 2659 proinde
495 2585 686 2660 parati
718 2584 1054 2661 intentique
1080 2591 1291 2658 essent,
1320 2587 1486 2661 signo
1514 2588 1670 2653 ἀπο,
1700 2588 1996 2645 Romanos

208 2681 526 2739 invadere:
568 2681 740 2737 illum
773 2682 936 2738 diem
970 2688 1081 2738 ant
1120 2701 1320 2739 omnes
1360 2684 1585 2740 labores
1624 2690 1686 2740 et
1724 2684 1996 2741 victorias

210 2778 708 2848 confirmamnm,
749 2783 855 2833 mit
893 2778 1284 2834 maximarum
1325 2798 1717 2835 aerumnarum
1756 2779 2024 2848 initium⁴

208 2875 387 2933 fore.”
467 2873 571 2930 Ad
607 2873 717 2930 hoc
742 2874 985 2945 viritim,
1017 2873 1108 2930 uti
1134 2892 1440 2950 quemque,
1475 2876 1548 2931 ob
1580 2876 1835 2932 militare
1861 2873 1998 2931 faci·

211 2991 344 3042 nus,
400 2970 648 3047 pecunia
700 2976 807 3026 aut
868 2970 1087 3027 honore
1142 2971 1454 3042 extulerat,
1511 2970 1997 3026 commonefacere

211 3066 484 3126 beneficii
508 3067 615 3137 sui,
641 3071 704 3124 et
730 3085 863 3124 eum
904 3067 1098 3142 ipsum
1137 3067 1270 3123 aliis
1311 3075 1474 3123 osten
1483 3073 1644 3123 tare:
1686 3071 1993 3140 posti-eme,

212 3169 324 3239 pro'
359 3162 640 3237 cujusque
678 3162 928 3237 ingenio,
965 3163 1304 3238 pollicendO,
1335 3162 1680 3232 minitando,
1711 3162 2002 3218 obtestan-

213 3256 314 3327 dn,
340 3257 524 3314 alium
564 3257 680 3314 alio
718 3259 892 3316 modo
935 3259 1230 3330 excitare3
1274 3278 1403 3315 cum
1433 3258 1668 3314 interim
1700 3255 1997 3326 Metellus,

216 3355 457 3432 ignarus
522 3354 795 3428 hostium,
862 3362 1062 3413 monte
1129 3349 1469 3429 degrediens
1535 3372 1668 3409 cum
1735 3350 2007 3414 exercitu,

2128 3547 2254 3651 Δ
