<?xml version="1.0" encoding="UTF-8"?>
<!DOCTYPE html PUBLIC "-//W3C//DTD XHTML 1.0 Transitional//EN"
    "http://www.w3.org/TR/xhtml1/DTD/xhtml1-transitional.dtd">
<html xmlns="http://www.w3.org/1999/xhtml" xml:lang="en" lang="en">
 <head>
  <title>
</title>
<meta http-equiv="Content-Type" content="text/html;charset=utf-8" />
  <meta name='ocr-system' content='tesseract 3.04.00' />
  <meta name='ocr-capabilities' content='ocr_page ocr_carea ocr_par ocr_line ocrx_word'/>
</head>
<body>
  <div class='ocr_page' id='page_1' title='image "./caiisallustiicr01merigoog_0171.png"; bbox 0 0 2292 3692; ppageno 0'>
   <div class='ocr_carea' id='block_1_1' title="bbox 605 185 1975 259">
    <p class='ocr_par' dir='ltr' id='par_1_1' title="bbox 605 185 1975 259">
     <span class='ocr_line' id='line_1_1' title="bbox 605 185 1975 259; baseline -0.009 1"><span class='ocrx_word' id='word_1_1' title='bbox 605 196 808 259; x_wconf 78' lang='lat' dir='ltr'><strong><em>SALL</em></strong></span> <span class='ocrx_word' id='word_1_2' title='bbox 821 192 1055 253; x_wconf 81' lang='lat' dir='ltr'><em>USTII</em></span> <span class='ocrx_word' id='word_1_3' title='bbox 1101 185 1270 251; x_wconf 70' lang='lat' dir='ltr'><strong>J&#39;UG</strong></span> <span class='ocrx_word' id='word_1_4' title='bbox 1282 190 1579 250; x_wconf 75' lang='lat' dir='ltr'><em>URTHA.</em></span> <span class='ocrx_word' id='word_1_5' title='bbox 1899 190 1975 249; x_wconf 80' lang='grc'><strong>,11</strong></span> 
     </span>
    </p>
   </div>
   <div class='ocr_carea' id='block_1_2' title="bbox 195 348 1981 3412">
    <p class='ocr_par' dir='ltr' id='par_1_2' title="bbox 195 348 1981 3412">
     <span class='ocr_line' id='line_1_2' title="bbox 195 348 1980 426; baseline -0.004 -13"><span class='ocrx_word' id='word_1_6' title='bbox 195 356 264 413; x_wconf 73' lang='lat' dir='ltr'><strong>‘si</strong></span> <span class='ocrx_word' id='word_1_7' title='bbox 287 349 666 413; x_wconf 80' lang='lat' dir='ltr'><strong>desideranda</strong></span> <span class='ocrx_word' id='word_1_8' title='bbox 692 360 876 425; x_wconf 87' lang='lat' dir='ltr'><strong>erant,</strong></span> <span class='ocrx_word' id='word_1_9' title='bbox 903 353 995 410; x_wconf 89' lang='lat' dir='ltr'><strong>uti</strong></span> <span class='ocrx_word' id='word_1_10' title='bbox 1021 350 1235 409; x_wconf 83' lang='lat' dir='ltr'><strong>debitis</strong></span> <span class='ocrx_word' id='word_1_11' title='bbox 1260 356 1470 408; x_wconf 86' lang='lat' dir='ltr'><strong>uterer.</strong></span> <span class='ocrx_word' id='word_1_12' title='bbox 1546 349 1675 421; x_wconf 82' lang='lat' dir='ltr'><strong>Sed,</strong></span> <span class='ocrx_word' id='word_1_13' title='bbox 1704 348 1980 426; x_wconf 86' lang='lat' dir='ltr'><strong>quoniam</strong></span> 
     </span>
     <span class='ocr_line' id='line_1_3' title="bbox 197 445 1976 528; baseline -0.004 -19"><span class='ocrx_word' id='word_1_14' title='bbox 197 470 412 528; x_wconf 86' lang='lat' dir='ltr'><strong>parum</strong></span> <span class='ocrx_word' id='word_1_15' title='bbox 457 457 593 508; x_wconf 87' lang='lat' dir='ltr'><strong>tuta</strong></span> <span class='ocrx_word' id='word_1_16' title='bbox 630 470 734 527; x_wconf 90' lang='lat' dir='ltr'><strong>per</strong></span> <span class='ocrx_word' id='word_1_17' title='bbox 774 469 836 507; x_wconf 86' lang='lat' dir='ltr'><strong>se</strong></span> <span class='ocrx_word' id='word_1_18' title='bbox 877 450 1001 525; x_wconf 86' lang='lat' dir='ltr'><strong>ipsa</strong></span> <span class='ocrx_word' id='word_1_19' title='bbox 1045 448 1306 524; x_wconf 80' lang='lat' dir='ltr'><strong>probitas</strong></span> <span class='ocrx_word' id='word_1_20' title='bbox 1348 452 1452 519; x_wconf 85' lang='lat' dir='ltr'><strong>est,</strong></span> <span class='ocrx_word' id='word_1_21' title='bbox 1495 465 1683 522; x_wconf 89' lang='lat' dir='ltr'><strong>neque</strong></span> <span class='ocrx_word' id='word_1_22' title='bbox 1722 445 1870 502; x_wconf 92' lang='lat' dir='ltr'><strong>mihi</strong></span> <span class='ocrx_word' id='word_1_23' title='bbox 1915 447 1976 502; x_wconf 90' lang='lat' dir='ltr'><strong>in</strong></span> 
     </span>
     <span class='ocr_line' id='line_1_4' title="bbox 197 543 1974 621; baseline -0.003 -17"><span class='ocrx_word' id='word_1_24' title='bbox 197 554 384 604; x_wconf 82' lang='lat' dir='ltr'><strong>&#39;manu</strong></span> <span class='ocrx_word' id='word_1_25' title='bbox 426 548 558 619; x_wconf 84' lang='lat' dir='ltr'><strong>fuit,</strong></span> <span class='ocrx_word' id='word_1_26' title='bbox 616 546 660 604; x_wconf 83' lang='lat' dir='ltr'><strong>J</strong></span> <span class='ocrx_word' id='word_1_27' title='bbox 663 546 917 621; x_wconf 88' lang='lat' dir='ltr'><strong>ugurtha</strong></span> <span class='ocrx_word' id='word_1_28' title='bbox 969 545 1159 621; x_wconf 87' lang='lat' dir='ltr'><strong>qualis</strong></span> <span class='ocrx_word' id='word_1_29' title='bbox 1209 545 1399 615; x_wconf 89' lang='lat' dir='ltr'><strong>foret;</strong></span> <span class='ocrx_word' id='word_1_30' title='bbox 1454 544 1530 600; x_wconf 88' lang='lat' dir='ltr'><strong>ad</strong></span> <span class='ocrx_word' id='word_1_31' title='bbox 1578 561 1682 600; x_wconf 87' lang='lat' dir='ltr'><strong>vos</strong></span> <span class='ocrx_word' id='word_1_32' title='bbox 1727 543 1974 618; x_wconf 84' lang='lat' dir='ltr'>confugi,</span> 
     </span>
     <span class='ocr_line' id='line_1_5' title="bbox 199 640 1978 718; baseline -0.002 -19"><span class='ocrx_word' id='word_1_33' title='bbox 199 643 410 701; x_wconf 86' lang='lat' dir='ltr'><strong>Patres</strong></span> <span class='ocrx_word' id='word_1_34' title='bbox 437 643 763 718; x_wconf 72' lang='lat' dir='ltr'><strong>conscripti,</strong></span> <span class='ocrx_word' id='word_1_35' title='bbox 798 643 1028 718; x_wconf 87' lang='lat' dir='ltr'><strong>quibus,</strong></span> <span class='ocrx_word' id='word_1_36' title='bbox 1064 640 1219 716; x_wconf 87' lang='lat' dir='ltr'><strong>quod</strong></span> <span class='ocrx_word' id='word_1_37' title='bbox 1252 640 1643 697; x_wconf 85' lang='lat' dir='ltr'><strong>miserrimum</strong></span> <span class='ocrx_word' id='word_1_38' title='bbox 1674 646 1780 707; x_wconf 84' lang='lat' dir='ltr'><strong>est,</strong></span> <span class='ocrx_word' id='word_1_39' title='bbox 1809 658 1978 714; x_wconf 84' lang='lat' dir='ltr'><strong>cogor</strong></span> 
     </span>
     <span class='ocr_line' id='line_1_6' title="bbox 198 735 1978 815; baseline -0.003 -19"><span class='ocrx_word' id='word_1_40' title='bbox 198 740 367 815; x_wconf 85' lang='lat' dir='ltr'><strong>prius</strong></span> <span class='ocrx_word' id='word_1_41' title='bbox 404 740 583 810; x_wconf 87' lang='lat' dir='ltr'><strong>oneri,</strong></span> <span class='ocrx_word' id='word_1_42' title='bbox 622 758 798 814; x_wconf 78' lang='lat' dir='ltr'><strong>quam</strong></span> <span class='ocrx_word' id='word_1_43' title='bbox 835 738 969 795; x_wconf 83' lang='lat' dir='ltr'><strong>usui</strong></span> <span class='ocrx_word' id='word_1_44' title='bbox 1009 756 1145 795; x_wconf 85' lang='lat' dir='ltr'><strong>esse.</strong></span> <span class='ocrx_word' id='word_1_45' title='bbox 1233 736 1425 794; x_wconf 90' lang='lat' dir='ltr'><strong>Ceteri</strong></span> <span class='ocrx_word' id='word_1_46' title='bbox 1460 753 1637 810; x_wconf 87' lang='lat' dir='ltr'><strong>reges,</strong></span> <span class='ocrx_word' id='word_1_47' title='bbox 1683 739 1789 794; x_wconf 89' lang='lat' dir='ltr'><strong>aut</strong></span> <span class='ocrx_word' id='word_1_48' title='bbox 1826 735 1978 791; x_wconf 81' lang='lat' dir='ltr'><strong>bello</strong></span> 
     </span>
     <span class='ocr_line' id='line_1_7' title="bbox 200 813 1978 908; baseline -0.002 -17"><span class='ocrx_word' id='word_1_49' title='bbox 200 813 350 892; x_wconf 78' lang='lat' dir='ltr'><strong>victi</strong></span> <span class='ocrx_word' id='word_1_50' title='bbox 389 835 454 892; x_wconf 91' lang='lat' dir='ltr'><strong>in</strong></span> <span class='ocrx_word' id='word_1_51' title='bbox 493 835 812 892; x_wconf 83' lang='lat' dir='ltr'><strong>amicitiam</strong></span> <span class='ocrx_word' id='word_1_52' title='bbox 855 854 892 891; x_wconf 83' lang='lat' dir='ltr'><strong>a</strong></span> <span class='ocrx_word' id='word_1_53' title='bbox 930 834 1097 892; x_wconf 78' lang='lat' dir='ltr'><strong>vobis</strong></span> <span class='ocrx_word' id='word_1_54' title='bbox 1140 833 1360 908; x_wconf 88' lang='lat' dir='ltr'><strong>recepti</strong></span> <span class='ocrx_word' id='word_1_55' title='bbox 1404 838 1558 903; x_wconf 86' lang='lat' dir='ltr'><strong>sunt,</strong></span> <span class='ocrx_word' id='word_1_56' title='bbox 1607 837 1712 889; x_wconf 85' lang='lat' dir='ltr'><strong>aut</strong></span> <span class='ocrx_word' id='word_1_57' title='bbox 1756 832 1835 889; x_wconf 16' lang='lat' dir='ltr'><strong>in,</strong></span> <span class='ocrx_word' id='word_1_58' title='bbox 1860 833 1978 889; x_wconf 84' lang='lat' dir='ltr'><strong>suis</strong></span> 
     </span>
     <span class='ocr_line' id='line_1_8' title="bbox 200 917 1980 1003; baseline -0.002 -18"><span class='ocrx_word' id='word_1_59' title='bbox 200 928 397 986; x_wconf 92' lang='lat' dir='ltr'><strong>dubiis</strong></span> <span class='ocrx_word' id='word_1_60' title='bbox 428 930 600 986; x_wconf 87' lang='lat' dir='ltr'><strong>rebus</strong></span> <span class='ocrx_word' id='word_1_61' title='bbox 632 930 964 986; x_wconf 85' lang='lat' dir='ltr'><strong>societatem</strong></span> <span class='ocrx_word' id='word_1_62' title='bbox 990 934 1246 985; x_wconf 81' lang='lat' dir='ltr'><strong>vestram</strong></span> <span class='ocrx_word' id='word_1_63' title='bbox 1273 917 1722 1003; x_wconf 70' lang='lat' dir='ltr'><strong>adpetiverunt:</strong></span> <span class='ocrx_word' id='word_1_64' title='bbox 1759 926 1980 983; x_wconf 85' lang='lat' dir='ltr'><strong>familia</strong></span> 
     </span>
     <span class='ocr_line' id='line_1_9' title="bbox 198 1023 1976 1102; baseline -0.002 -18"><span class='ocrx_word' id='word_1_65' title='bbox 198 1033 403 1084; x_wconf 86' lang='lat' dir='ltr'><strong>nostra</strong></span> <span class='ocrx_word' id='word_1_66' title='bbox 440 1046 572 1083; x_wconf 91' lang='lat' dir='ltr'><strong>cum</strong></span> <span class='ocrx_word' id='word_1_67' title='bbox 603 1026 818 1102; x_wconf 78' lang='lat' dir='ltr'><strong>populo</strong></span> <span class='ocrx_word' id='word_1_68' title='bbox 845 1026 1112 1082; x_wconf 84' lang='lat' dir='ltr'><strong>Romano</strong></span> <span class='ocrx_word' id='word_1_69' title='bbox 1145 1025 1297 1083; x_wconf 87' lang='lat' dir='ltr'><strong>bello</strong></span> <span class='ocrx_word' id='word_1_70' title='bbox 1335 1023 1800 1099; x_wconf 80' lang='lat' dir='ltr'><strong>Carthaginiensi</strong></span> <span class='ocrx_word' id='word_1_71' title='bbox 1838 1025 1976 1081; x_wconf 86' lang='lat' dir='ltr'><strong>ami·</strong></span> 
     </span>
     <span class='ocr_line' id='line_1_10' title="bbox 200 1119 1979 1197; baseline -0.002 -18"><span class='ocrx_word' id='word_1_72' title='bbox 200 1122 405 1179; x_wconf 85' lang='lat' dir='ltr'><strong>citiam</strong></span> <span class='ocrx_word' id='word_1_73' title='bbox 441 1122 704 1178; x_wconf 80' lang='lat' dir='ltr'><strong>instituit</strong></span> <span class='ocrx_word' id='word_1_74' title='bbox 725 1142 742 1193; x_wconf 82' lang='lat'><em>3</em></span> <span class='ocrx_word' id='word_1_75' title='bbox 786 1140 902 1196; x_wconf 91' lang='lat' dir='ltr'><strong>quo</strong></span> <span class='ocrx_word' id='word_1_76' title='bbox 937 1128 1197 1197; x_wconf 88' lang='lat' dir='ltr'><strong>tempore</strong></span> <span class='ocrx_word' id='word_1_77' title='bbox 1227 1121 1412 1195; x_wconf 84' lang='lat' dir='ltr'><strong>magis</strong></span> <span class='ocrx_word' id='word_1_78' title='bbox 1441 1119 1585 1177; x_wconf 87' lang='lat' dir='ltr'><strong>fides</strong></span> <span class='ocrx_word' id='word_1_79' title='bbox 1619 1119 1760 1194; x_wconf 84' lang='lat' dir='ltr'><strong>ejus,</strong></span> <span class='ocrx_word' id='word_1_80' title='bbox 1803 1138 1979 1194; x_wconf 80' lang='lat' dir='ltr'><strong>quam</strong></span> 
     </span>
     <span class='ocr_line' id='line_1_11' title="bbox 198 1213 1980 1291; baseline 0.001 -20"><span class='ocrx_word' id='word_1_81' title='bbox 198 1216 441 1273; x_wconf 88' lang='lat' dir='ltr'><strong>fortuna</strong></span> <span class='ocrx_word' id='word_1_82' title='bbox 466 1215 714 1290; x_wconf 81' lang='lat' dir='ltr'><strong>petenda</strong></span> <span class='ocrx_word' id='word_1_83' title='bbox 746 1221 886 1272; x_wconf 88' lang='lat' dir='ltr'><strong>erat.</strong></span> <span class='ocrx_word' id='word_1_84' title='bbox 972 1213 1236 1283; x_wconf 86' lang='lat' dir='ltr'><strong>Quorum</strong></span> <span class='ocrx_word' id='word_1_85' title='bbox 1263 1216 1592 1291; x_wconf 84' lang='lat' dir='ltr'><strong>progeniem</strong></span> <span class='ocrx_word' id='word_1_86' title='bbox 1616 1233 1736 1286; x_wconf 85' lang='lat' dir='ltr'><strong>vos,</strong></span> <span class='ocrx_word' id='word_1_87' title='bbox 1773 1216 1980 1273; x_wconf 85' lang='lat' dir='ltr'><strong>Patres</strong></span> 
     </span>
     <span class='ocr_line' id='line_1_12' title="bbox 200 1310 1980 1390; baseline 0 -23"><span class='ocrx_word' id='word_1_88' title='bbox 200 1311 531 1390; x_wconf 73' lang='lat' dir='ltr'><strong>conscripti,</strong></span> <span class='ocrx_word' id='word_1_89' title='bbox 574 1312 757 1368; x_wconf 77' lang='lat' dir='ltr'><strong>nolite</strong></span> <span class='ocrx_word' id='word_1_90' title='bbox 802 1312 929 1389; x_wconf 90' lang='lat' dir='ltr'><strong>pati</strong></span> <span class='ocrx_word' id='word_1_91' title='bbox 982 1330 1077 1368; x_wconf 91' lang='lat' dir='ltr'><strong>me</strong></span> <span class='ocrx_word' id='word_1_92' title='bbox 1124 1310 1344 1370; x_wconf 81' lang='lat' dir='ltr'><strong>frustra</strong></span> <span class='ocrx_word' id='word_1_93' title='bbox 1395 1330 1432 1367; x_wconf 85' lang='lat' dir='ltr'><strong>a</strong></span> <span class='ocrx_word' id='word_1_94' title='bbox 1474 1311 1641 1368; x_wconf 82' lang='lat' dir='ltr'><strong>vobis</strong></span> <span class='ocrx_word' id='word_1_95' title='bbox 1690 1310 1980 1367; x_wconf 81' lang='lat' dir='ltr'><strong>auxilium</strong></span> 
     </span>
     <span class='ocr_line' id='line_1_13' title="bbox 200 1406 1979 1484; baseline 0.001 -20"><span class='ocrx_word' id='word_1_96' title='bbox 200 1414 415 1483; x_wconf 89' lang='lat' dir='ltr'><strong>petere.</strong></span> <span class='ocrx_word' id='word_1_97' title='bbox 500 1407 566 1464; x_wconf 81' lang='lat' dir='ltr'><strong>Si</strong></span> <span class='ocrx_word' id='word_1_98' title='bbox 617 1408 690 1463; x_wconf 87' lang='lat' dir='ltr'><strong>ad</strong></span> <span class='ocrx_word' id='word_1_99' title='bbox 744 1406 1177 1484; x_wconf 83' lang='lat' dir='ltr'><strong>impetrandum</strong></span> <span class='ocrx_word' id='word_1_100' title='bbox 1234 1407 1386 1464; x_wconf 89' lang='lat' dir='ltr'><strong>nihil</strong></span> <span class='ocrx_word' id='word_1_101' title='bbox 1440 1426 1654 1465; x_wconf 71' lang='lat' dir='ltr'><strong>caussae</strong></span> <span class='ocrx_word' id='word_1_102' title='bbox 1706 1407 1979 1465; x_wconf 87' lang='lat' dir='ltr'><strong>haberem</strong></span> 
     </span>
     <span class='ocr_line' id='line_1_14' title="bbox 200 1505 1976 1581; baseline 0.001 -20"><span class='ocrx_word' id='word_1_103' title='bbox 200 1512 414 1580; x_wconf 85' lang='lat' dir='ltr'><strong>praeter</strong></span> <span class='ocrx_word' id='word_1_104' title='bbox 450 1505 840 1561; x_wconf 80' lang='lat' dir='ltr'><strong>miserandam</strong></span> <span class='ocrx_word' id='word_1_105' title='bbox 878 1506 1205 1577; x_wconf 80' lang='lat' dir='ltr'><strong>fortunam3</strong></span> <span class='ocrx_word' id='word_1_106' title='bbox 1245 1506 1402 1581; x_wconf 89' lang='lat' dir='ltr'><strong>quod</strong></span> <span class='ocrx_word' id='word_1_107' title='bbox 1441 1505 1638 1581; x_wconf 85' lang='lat' dir='ltr'><strong>paullo</strong></span> <span class='ocrx_word' id='word_1_108' title='bbox 1679 1509 1818 1563; x_wconf 82' lang='lat' dir='ltr'><strong>ante</strong></span> <span class='ocrx_word' id='word_1_109' title='bbox 1853 1525 1976 1577; x_wconf 85' lang='lat' dir='ltr'><strong>rex,</strong></span> 
     </span>
     <span class='ocr_line' id='line_1_15' title="bbox 201 1601 1981 1678; baseline 0.002 -22"><span class='ocrx_word' id='word_1_110' title='bbox 201 1619 429 1676; x_wconf 87' lang='lat' dir='ltr'><strong>genere,</strong></span> <span class='ocrx_word' id='word_1_111' title='bbox 479 1602 649 1676; x_wconf 84' lang='lat' dir='ltr'><strong>fama,</strong></span> <span class='ocrx_word' id='word_1_112' title='bbox 700 1607 880 1676; x_wconf 87' lang='lat' dir='ltr'><strong>atque</strong></span> <span class='ocrx_word' id='word_1_113' title='bbox 926 1602 1105 1678; x_wconf 86' lang='lat' dir='ltr'><strong>copiis</strong></span> <span class='ocrx_word' id='word_1_114' title='bbox 1151 1608 1376 1678; x_wconf 88' lang='lat' dir='ltr'><strong>potens,</strong></span> <span class='ocrx_word' id='word_1_115' title='bbox 1425 1620 1582 1659; x_wconf 89' lang='lat' dir='ltr'><strong>nunc</strong></span> <span class='ocrx_word' id='word_1_116' title='bbox 1628 1601 1981 1659; x_wconf 83' lang='lat' dir='ltr'><strong>deformatus</strong></span> 
     </span>
     <span class='ocr_line' id='line_1_16' title="bbox 203 1696 1981 1774; baseline 0.001 -22"><span class='ocrx_word' id='word_1_117' title='bbox 203 1697 493 1767; x_wconf 71' lang='lat' dir='ltr'><strong>serumniS,</strong></span> <span class='ocrx_word' id='word_1_118' title='bbox 538 1696 719 1772; x_wconf 64' lang='lat' dir='ltr'><strong>inope„</strong></span> <span class='ocrx_word' id='word_1_119' title='bbox 777 1697 993 1754; x_wconf 85' lang='lat' dir='ltr'><strong>alienas</strong></span> <span class='ocrx_word' id='word_1_120' title='bbox 1048 1716 1185 1774; x_wconf 90' lang='lat' dir='ltr'><strong>opes</strong></span> <span class='ocrx_word' id='word_1_121' title='bbox 1242 1703 1513 1774; x_wconf 86' lang='lat' dir='ltr'><strong>exspecto</strong></span> <span class='ocrx_word' id='word_1_122' title='bbox 1523 1716 1543 1769; x_wconf 83' lang='lat'>3</span> <span class='ocrx_word' id='word_1_123' title='bbox 1602 1702 1803 1754; x_wconf 87' lang='lat' dir='ltr'><strong>tamen</strong></span> <span class='ocrx_word' id='word_1_124' title='bbox 1856 1702 1981 1755; x_wconf 88' lang='lat' dir='ltr'><strong>erat</strong></span> 
     </span>
     <span class='ocr_line' id='line_1_17' title="bbox 202 1792 1980 1870; baseline 0 -22"><span class='ocrx_word' id='word_1_125' title='bbox 202 1792 525 1867; x_wconf 85' lang='lat' dir='ltr'><strong>majestatis</strong></span> <span class='ocrx_word' id='word_1_126' title='bbox 554 1792 817 1848; x_wconf 82' lang='lat' dir='ltr'><strong>Romani</strong></span> <span class='ocrx_word' id='word_1_127' title='bbox 856 1793 1071 1870; x_wconf 78' lang='lat' dir='ltr'><strong>populi,</strong></span> <span class='ocrx_word' id='word_1_128' title='bbox 1115 1794 1420 1869; x_wconf 87' lang='lat' dir='ltr'><strong>prohibere</strong></span> <span class='ocrx_word' id='word_1_129' title='bbox 1457 1793 1748 1869; x_wconf 83' lang='lat' dir='ltr'><strong>injuriam,</strong></span> <span class='ocrx_word' id='word_1_130' title='bbox 1788 1810 1980 1867; x_wconf 83' lang='lat' dir='ltr'><strong>neque</strong></span> 
     </span>
     <span class='ocr_line' id='line_1_18' title="bbox 203 1887 1978 1965; baseline 0.003 -23"><span class='ocrx_word' id='word_1_131' title='bbox 203 1887 331 1962; x_wconf 87' lang='lat' dir='ltr'><strong>pati</strong></span> <span class='ocrx_word' id='word_1_132' title='bbox 371 1887 709 1963; x_wconf 89' lang='lat' dir='ltr'><strong>cujusquam</strong></span> <span class='ocrx_word' id='word_1_133' title='bbox 748 1907 993 1964; x_wconf 85' lang='lat' dir='ltr'><strong>regnum</strong></span> <span class='ocrx_word' id='word_1_134' title='bbox 1027 1909 1132 1965; x_wconf 90' lang='lat' dir='ltr'><strong>per</strong></span> <span class='ocrx_word' id='word_1_135' title='bbox 1173 1890 1359 1947; x_wconf 86' lang='lat' dir='ltr'><strong>scelus</strong></span> <span class='ocrx_word' id='word_1_136' title='bbox 1397 1908 1664 1947; x_wconf 84' lang='lat' dir='ltr'><strong>crescere.</strong></span> <span class='ocrx_word' id='word_1_137' title='bbox 1749 1888 1978 1947; x_wconf 85' lang='lat' dir='ltr'><strong>Verum</strong></span> 
     </span>
     <span class='ocr_line' id='line_1_19' title="bbox 205 1982 1979 2063; baseline 0.003 -25"><span class='ocrx_word' id='word_1_138' title='bbox 205 2001 310 2058; x_wconf 87' lang='lat' dir='ltr'><strong>ego</strong></span> <span class='ocrx_word' id='word_1_139' title='bbox 344 1982 437 2039; x_wconf 87' lang='lat' dir='ltr'><strong>his</strong></span> <span class='ocrx_word' id='word_1_140' title='bbox 468 1983 684 2040; x_wconf 85' lang='lat' dir='ltr'><strong>finibus</strong></span> <span class='ocrx_word' id='word_1_141' title='bbox 718 1985 935 2061; x_wconf 84' lang='lat' dir='ltr'><strong>ejectus</strong></span> <span class='ocrx_word' id='word_1_142' title='bbox 969 2005 1117 2055; x_wconf 86' lang='lat' dir='ltr'><strong>sum,</strong></span> <span class='ocrx_word' id='word_1_143' title='bbox 1161 2006 1305 2063; x_wconf 88' lang='lat' dir='ltr'><strong>quos</strong></span> <span class='ocrx_word' id='word_1_144' title='bbox 1345 1986 1661 2062; x_wconf 83' lang='lat' dir='ltr'><strong>majoribus</strong></span> <span class='ocrx_word' id='word_1_145' title='bbox 1700 1986 1844 2043; x_wconf 89' lang='lat' dir='ltr'><strong>meis</strong></span> <span class='ocrx_word' id='word_1_146' title='bbox 1881 2006 1979 2061; x_wconf 54' lang='lat' dir='ltr'><strong>pof</strong></span> 
     </span>
     <span class='ocr_line' id='line_1_20' title="bbox 204 2078 1978 2158; baseline 0.002 -24"><span class='ocrx_word' id='word_1_147' title='bbox 204 2078 380 2154; x_wconf 79' lang='lat' dir='ltr'><strong>pulus</strong></span> <span class='ocrx_word' id='word_1_148' title='bbox 407 2078 707 2137; x_wconf 86' lang='lat' dir='ltr'><strong>Romanus</strong></span> <span class='ocrx_word' id='word_1_149' title='bbox 740 2081 938 2153; x_wconf 83' lang='lat' dir='ltr'><strong>dedit3</strong></span> <span class='ocrx_word' id='word_1_150' title='bbox 959 2083 1134 2140; x_wconf 27' lang='lat' dir='ltr'><strong>*unde</strong></span> <span class='ocrx_word' id='word_1_151' title='bbox 1166 2088 1335 2158; x_wconf 85' lang='lat' dir='ltr'><strong>pater</strong></span> <span class='ocrx_word' id='word_1_152' title='bbox 1368 2088 1430 2139; x_wconf 86' lang='lat' dir='ltr'><strong>et</strong></span> <span class='ocrx_word' id='word_1_153' title='bbox 1467 2101 1612 2139; x_wconf 86' lang='lat' dir='ltr'><strong>avus</strong></span> <span class='ocrx_word' id='word_1_154' title='bbox 1636 2101 1758 2140; x_wconf 84' lang='lat' dir='ltr'><strong>una</strong></span> <span class='ocrx_word' id='word_1_155' title='bbox 1792 2082 1978 2139; x_wconf 83' lang='lat' dir='ltr'><strong>vobis-</strong></span> 
     </span>
     <span class='ocr_line' id='line_1_21' title="bbox 204 2175 1979 2255; baseline 0.005 -26"><span class='ocrx_word' id='word_1_156' title='bbox 204 2193 338 2231; x_wconf 85' lang='lat' dir='ltr'><strong>cum</strong></span> <span class='ocrx_word' id='word_1_157' title='bbox 380 2175 656 2250; x_wconf 84' lang='lat' dir='ltr'><strong>expulere</strong></span> <span class='ocrx_word' id='word_1_158' title='bbox 703 2176 1023 2253; x_wconf 75' lang='lat' dir='ltr'><strong>Syphacem</strong></span> <span class='ocrx_word' id='word_1_159' title='bbox 1063 2185 1123 2236; x_wconf 90' lang='lat' dir='ltr'><strong>et</strong></span> <span class='ocrx_word' id='word_1_160' title='bbox 1161 2178 1676 2255; x_wconf 77' lang='lat' dir='ltr'><strong>Carthaginienses,</strong></span> <span class='ocrx_word' id='word_1_161' title='bbox 1760 2180 1979 2238; x_wconf 85' lang='lat' dir='ltr'><strong>Vestra</strong></span> 
     </span>
     <span class='ocr_line' id='line_1_22' title="bbox 203 2273 1975 2353; baseline 0.003 -23"><span class='ocrx_word' id='word_1_162' title='bbox 203 2273 483 2330; x_wconf 85' lang='lat' dir='ltr'><strong>beneficia</strong></span> <span class='ocrx_word' id='word_1_163' title='bbox 519 2273 664 2329; x_wconf 91' lang='lat' dir='ltr'><strong>mihi</strong></span> <span class='ocrx_word' id='word_1_164' title='bbox 700 2279 898 2350; x_wconf 83' lang='lat' dir='ltr'><strong>erepta</strong></span> <span class='ocrx_word' id='word_1_165' title='bbox 934 2281 1089 2348; x_wconf 87' lang='lat' dir='ltr'><strong>sunt,</strong></span> <span class='ocrx_word' id='word_1_166' title='bbox 1129 2276 1338 2335; x_wconf 83' lang='lat' dir='ltr'><strong>Patres</strong></span> <span class='ocrx_word' id='word_1_167' title='bbox 1375 2277 1686 2353; x_wconf 86' lang='lat' dir='ltr'><strong>conscripti</strong></span> <span class='ocrx_word' id='word_1_168' title='bbox 1712 2298 1724 2335; x_wconf 91' lang='lat'><strong>:</strong></span> <span class='ocrx_word' id='word_1_169' title='bbox 1769 2297 1877 2334; x_wconf 85' lang='lat' dir='ltr'><strong>vos</strong></span> <span class='ocrx_word' id='word_1_170' title='bbox 1912 2278 1975 2336; x_wconf 92' lang='lat' dir='ltr'><strong>in</strong></span> 
     </span>
     <span class='ocr_line' id='line_1_23' title="bbox 203 2368 1980 2445; baseline 0.003 -20"><span class='ocrx_word' id='word_1_171' title='bbox 203 2368 421 2444; x_wconf 85' lang='lat' dir='ltr'><strong>injuria</strong></span> <span class='ocrx_word' id='word_1_172' title='bbox 451 2388 581 2427; x_wconf 87' lang='lat' dir='ltr'><strong>mea</strong></span> <span class='ocrx_word' id='word_1_173' title='bbox 617 2371 869 2445; x_wconf 86' lang='lat' dir='ltr'><strong>despecti</strong></span> <span class='ocrx_word' id='word_1_174' title='bbox 899 2372 1052 2428; x_wconf 84' lang='lat' dir='ltr'><strong>estis.</strong></span> <span class='ocrx_word' id='word_1_175' title='bbox 1125 2371 1294 2430; x_wconf 88' lang='lat' dir='ltr'><strong>Eheu</strong></span> <span class='ocrx_word' id='word_1_176' title='bbox 1329 2392 1424 2431; x_wconf 88' lang='lat' dir='ltr'><strong>me</strong></span> <span class='ocrx_word' id='word_1_177' title='bbox 1464 2373 1774 2431; x_wconf 78' lang='lat' dir='ltr'><strong>miserum!</strong></span> <span class='ocrx_word' id='word_1_178' title='bbox 1818 2372 1980 2431; x_wconf 88' lang='lat' dir='ltr'><strong>Huc·</strong></span> 
     </span>
     <span class='ocr_line' id='line_1_24' title="bbox 206 2464 1979 2544; baseline 0.003 -22"><span class='ocrx_word' id='word_1_179' title='bbox 206 2465 349 2536; x_wconf 84' lang='lat' dir='ltr'><strong>cine,</strong></span> <span class='ocrx_word' id='word_1_180' title='bbox 393 2464 642 2541; x_wconf 88' lang='lat' dir='ltr'><strong>Micipsa</strong></span> <span class='ocrx_word' id='word_1_181' title='bbox 687 2471 866 2541; x_wconf 89' lang='lat' dir='ltr'><strong>pater,</strong></span> <span class='ocrx_word' id='word_1_182' title='bbox 914 2466 1194 2524; x_wconf 84' lang='lat' dir='ltr'><strong>beneficia</strong></span> <span class='ocrx_word' id='word_1_183' title='bbox 1238 2487 1484 2539; x_wconf 88' lang='lat' dir='ltr'><strong>evasere,</strong></span> <span class='ocrx_word' id='word_1_184' title='bbox 1532 2470 1639 2539; x_wconf 90' lang='lat' dir='ltr'><strong>uti,</strong></span> <span class='ocrx_word' id='word_1_185' title='bbox 1686 2489 1862 2544; x_wconf 89' lang='lat' dir='ltr'><strong>quem</strong></span> <span class='ocrx_word' id='word_1_186' title='bbox 1908 2478 1979 2527; x_wconf 90' lang='lat' dir='ltr'><strong>tu</strong></span> 
     </span>
     <span class='ocr_line' id='line_1_25' title="bbox 204 2563 1979 2641; baseline 0.001 -21"><span class='ocrx_word' id='word_1_187' title='bbox 204 2582 404 2639; x_wconf 86' lang='lat' dir='ltr'><strong>parem</strong></span> <span class='ocrx_word' id='word_1_188' title='bbox 444 2582 577 2620; x_wconf 93' lang='lat' dir='ltr'><strong>cum</strong></span> <span class='ocrx_word' id='word_1_189' title='bbox 607 2564 804 2621; x_wconf 89' lang='lat' dir='ltr'><strong>liberis</strong></span> <span class='ocrx_word' id='word_1_190' title='bbox 835 2563 955 2621; x_wconf 86' lang='lat' dir='ltr'><strong>tuis</strong></span> <span class='ocrx_word' id='word_1_191' title='bbox 988 2564 1268 2640; x_wconf 85' lang='lat' dir='ltr'><strong>regnique</strong></span> <span class='ocrx_word' id='word_1_192' title='bbox 1298 2565 1646 2641; x_wconf 82' lang='lat' dir='ltr'><strong>participem</strong></span> <span class='ocrx_word' id='word_1_193' title='bbox 1681 2566 1885 2637; x_wconf 84' lang='lat' dir='ltr'><strong>fecisti,</strong></span> <span class='ocrx_word' id='word_1_194' title='bbox 1927 2565 1979 2623; x_wconf 89' lang='lat' dir='ltr'><strong>is</strong></span> 
     </span>
     <span class='ocr_line' id='line_1_26' title="bbox 203 2660 1978 2737; baseline 0.001 -20"><span class='ocrx_word' id='word_1_195' title='bbox 203 2661 568 2736; x_wconf 89' lang='lat' dir='ltr'><strong>potissimum</strong></span> <span class='ocrx_word' id='word_1_196' title='bbox 588 2660 785 2737; x_wconf 88' lang='lat' dir='ltr'><strong>stirpis</strong></span> <span class='ocrx_word' id='word_1_197' title='bbox 807 2667 928 2718; x_wconf 80' lang='lat' dir='ltr'><strong>tuae</strong></span> <span class='ocrx_word' id='word_1_198' title='bbox 954 2661 1245 2719; x_wconf 83' lang='lat' dir='ltr'><strong>extinctor</strong></span> <span class='ocrx_word' id='word_1_199' title='bbox 1264 2662 1383 2719; x_wconf 65' lang='lat' dir='ltr'><strong>sit?</strong></span> <span class='ocrx_word' id='word_1_200' title='bbox 1416 2661 1815 2737; x_wconf 80' lang='lat' dir='ltr'><strong>Nunquamne</strong></span> <span class='ocrx_word' id='word_1_201' title='bbox 1842 2680 1978 2737; x_wconf 88' lang='lat' dir='ltr'><strong>ergo</strong></span> 
     </span>
     <span class='ocr_line' id='line_1_27' title="bbox 203 2758 1974 2836; baseline 0.001 -21"><span class='ocrx_word' id='word_1_202' title='bbox 203 2759 423 2816; x_wconf 73' lang='lat' dir='ltr'><strong>famma</strong></span> <span class='ocrx_word' id='word_1_203' title='bbox 480 2766 675 2817; x_wconf 86' lang='lat' dir='ltr'><strong>nostra</strong></span> <span class='ocrx_word' id='word_1_204' title='bbox 732 2760 933 2836; x_wconf 86' lang='lat' dir='ltr'><strong>quieta</strong></span> <span class='ocrx_word' id='word_1_205' title='bbox 993 2759 1145 2818; x_wconf 64' lang='lat' dir='ltr'><strong>erit?</strong></span> <span class='ocrx_word' id='word_1_206' title='bbox 1207 2778 1506 2835; x_wconf 87' lang='lat' dir='ltr'><strong>semperne</strong></span> <span class='ocrx_word' id='word_1_207' title='bbox 1558 2761 1624 2815; x_wconf 88' lang='lat' dir='ltr'><strong>in</strong></span> <span class='ocrx_word' id='word_1_208' title='bbox 1677 2758 1974 2835; x_wconf 86' lang='lat' dir='ltr'><strong>sanguine,</strong></span> 
     </span>
     <span class='ocr_line' id='line_1_28' title="bbox 203 2855 1979 2931; baseline 0 -20"><span class='ocrx_word' id='word_1_209' title='bbox 203 2857 368 2926; x_wconf 81' lang='lat' dir='ltr'><strong>ferm,</strong></span> <span class='ocrx_word' id='word_1_210' title='bbox 413 2855 552 2931; x_wconf 85' lang='lat' dir='ltr'><strong>fuga</strong></span> <span class='ocrx_word' id='word_1_211' title='bbox 596 2857 997 2914; x_wconf 70' lang='lat' dir='ltr'><strong>versabimur‘l</strong></span> <span class='ocrx_word' id='word_1_212' title='bbox 1061 2855 1224 2913; x_wconf 89' lang='lat' dir='ltr'><strong>Dum</strong></span> <span class='ocrx_word' id='word_1_213' title='bbox 1273 2855 1777 2931; x_wconf 79' lang='lat' dir='ltr'><strong>Carthaginienses</strong></span> <span class='ocrx_word' id='word_1_214' title='bbox 1823 2856 1979 2911; x_wconf 87' lang='lat' dir='ltr'><strong>inco-</strong></span> 
     </span>
     <span class='ocr_line' id='line_1_29' title="bbox 202 2951 1977 3030; baseline 0 -23"><span class='ocrx_word' id='word_1_215' title='bbox 202 2951 386 3008; x_wconf 87' lang='lat' dir='ltr'><strong>lumes</strong></span> <span class='ocrx_word' id='word_1_216' title='bbox 426 2952 602 3023; x_wconf 87' lang='lat' dir='ltr'><strong>fuere,</strong></span> <span class='ocrx_word' id='word_1_217' title='bbox 634 2952 769 3027; x_wconf 86' lang='lat' dir='ltr'><strong>jure</strong></span> <span class='ocrx_word' id='word_1_218' title='bbox 807 2952 1002 3010; x_wconf 89' lang='lat' dir='ltr'><strong>omnia</strong></span> <span class='ocrx_word' id='word_1_219' title='bbox 1035 2971 1190 3009; x_wconf 86' lang='lat' dir='ltr'><strong>saeva</strong></span> <span class='ocrx_word' id='word_1_220' title='bbox 1227 2952 1627 3030; x_wconf 81' lang='lat' dir='ltr'><strong>patiebamur:</strong></span> <span class='ocrx_word' id='word_1_221' title='bbox 1666 2951 1863 3009; x_wconf 87' lang='lat' dir='ltr'><strong>hostes</strong></span> <span class='ocrx_word' id='word_1_222' title='bbox 1902 2951 1977 3007; x_wconf 90' lang='lat' dir='ltr'><strong>ab</strong></span> 
     </span>
     <span class='ocr_line' id='line_1_30' title="bbox 203 3046 1974 3125; baseline 0.001 -23"><span class='ocrx_word' id='word_1_223' title='bbox 203 3046 399 3118; x_wconf 79' lang='lat' dir='ltr'><strong>latere,</strong></span> <span class='ocrx_word' id='word_1_224' title='bbox 446 3065 549 3124; x_wconf 87' lang='lat' dir='ltr'><strong>vos</strong></span> <span class='ocrx_word' id='word_1_225' title='bbox 601 3048 775 3104; x_wconf 88' lang='lat' dir='ltr'><strong>amici</strong></span> <span class='ocrx_word' id='word_1_226' title='bbox 825 3048 1043 3125; x_wconf 87' lang='lat' dir='ltr'><strong>procul,</strong></span> <span class='ocrx_word' id='word_1_227' title='bbox 1089 3067 1220 3123; x_wconf 87' lang='lat' dir='ltr'><strong>spes</strong></span> <span class='ocrx_word' id='word_1_228' title='bbox 1267 3048 1456 3106; x_wconf 88' lang='lat' dir='ltr'><strong>omnis</strong></span> <span class='ocrx_word' id='word_1_229' title='bbox 1499 3047 1566 3104; x_wconf 90' lang='lat' dir='ltr'><strong>in</strong></span> <span class='ocrx_word' id='word_1_230' title='bbox 1612 3047 1788 3106; x_wconf 82' lang='lat' dir='ltr'><strong>armis</strong></span> <span class='ocrx_word' id='word_1_231' title='bbox 1832 3052 1974 3105; x_wconf 88' lang='lat' dir='ltr'><strong>erat.</strong></span> 
     </span>
     <span class='ocr_line' id='line_1_31' title="bbox 203 3141 1979 3219; baseline 0.001 -21"><span class='ocrx_word' id='word_1_232' title='bbox 203 3141 522 3218; x_wconf 82' lang='lat' dir='ltr'><strong>Postquam</strong></span> <span class='ocrx_word' id='word_1_233' title='bbox 564 3143 667 3199; x_wconf 92' lang='lat' dir='ltr'><strong>illa</strong></span> <span class='ocrx_word' id='word_1_234' title='bbox 708 3144 888 3219; x_wconf 87' lang='lat' dir='ltr'><strong>pestis</strong></span> <span class='ocrx_word' id='word_1_235' title='bbox 930 3144 1128 3219; x_wconf 86' lang='lat' dir='ltr'><strong>ejecta,</strong></span> <span class='ocrx_word' id='word_1_236' title='bbox 1175 3143 1297 3201; x_wconf 82' lang='lat' dir='ltr'><strong>laeti</strong></span> <span class='ocrx_word' id='word_1_237' title='bbox 1341 3161 1542 3218; x_wconf 89' lang='lat' dir='ltr'><strong>pacem</strong></span> <span class='ocrx_word' id='word_1_238' title='bbox 1587 3143 1979 3217; x_wconf 81' lang='lat' dir='ltr'><strong>agitabamus3</strong></span> 
     </span>
     <span class='ocr_line' id='line_1_32' title="bbox 201 3237 1977 3316; baseline 0.002 -24"><span class='ocrx_word' id='word_1_239' title='bbox 201 3237 418 3312; x_wconf 85' lang='lat' dir='ltr'><strong>quippe</strong></span> <span class='ocrx_word' id='word_1_240' title='bbox 457 3238 620 3313; x_wconf 89' lang='lat' dir='ltr'><strong>queis</strong></span> <span class='ocrx_word' id='word_1_241' title='bbox 654 3240 837 3297; x_wconf 84' lang='lat' dir='ltr'><strong>hostis</strong></span> <span class='ocrx_word' id='word_1_242' title='bbox 866 3240 1079 3312; x_wconf 76' lang='lat' dir='ltr'><strong>nullus,</strong></span> <span class='ocrx_word' id='word_1_243' title='bbox 1110 3240 1227 3298; x_wconf 88' lang='lat' dir='ltr'><strong>nisi</strong></span> <span class='ocrx_word' id='word_1_244' title='bbox 1257 3240 1407 3298; x_wconf 82' lang='lat' dir='ltr'><strong>forte</strong></span> <span class='ocrx_word' id='word_1_245' title='bbox 1437 3258 1610 3316; x_wconf 91' lang='lat' dir='ltr'><strong>quem</strong></span> <span class='ocrx_word' id='word_1_246' title='bbox 1644 3257 1749 3295; x_wconf 87' lang='lat' dir='ltr'><strong>vos</strong></span> <span class='ocrx_word' id='word_1_247' title='bbox 1775 3238 1977 3313; x_wconf 89' lang='lat' dir='ltr'><strong>jussis-</strong></span> 
     </span>
     <span class='ocr_line' id='line_1_33' title="bbox 203 3333 1978 3412; baseline 0.003 -21"><span class='ocrx_word' id='word_1_248' title='bbox 203 3333 355 3391; x_wconf 74' lang='lat' dir='ltr'><strong>setiS.</strong></span> <span class='ocrx_word' id='word_1_249' title='bbox 381 3382 393 3388; x_wconf 93' lang='lat'><strong>-</strong></span> <span class='ocrx_word' id='word_1_250' title='bbox 441 3334 589 3394; x_wconf 86' lang='lat' dir='ltr'><strong>Ecce</strong></span> <span class='ocrx_word' id='word_1_251' title='bbox 609 3343 805 3394; x_wconf 86' lang='lat' dir='ltr'><strong>autem</strong></span> <span class='ocrx_word' id='word_1_252' title='bbox 828 3356 903 3393; x_wconf 86' lang='lat' dir='ltr'><strong>ex</strong></span> <span class='ocrx_word' id='word_1_253' title='bbox 921 3336 1249 3412; x_wconf 82' lang='lat' dir='ltr'><strong>improvis0,</strong></span> <span class='ocrx_word' id='word_1_254' title='bbox 1274 3335 1318 3393; x_wconf 83' lang='lat' dir='ltr'><strong>J</strong></span> <span class='ocrx_word' id='word_1_255' title='bbox 1324 3335 1588 3412; x_wconf 63' lang='lat' dir='ltr'><strong>ugurtha,</strong></span> <span class='ocrx_word' id='word_1_256' title='bbox 1613 3334 1978 3397; x_wconf 77' lang='lat' dir='ltr'><strong>intoleranda</strong></span> 
     </span>
    </p>
   </div>
  </div>
 </body>
</html>
