2292 3692
362 236 438 293 30
755 231 958 291 SALL
977 230 1202 289 USTII
1251 230 1303 287 J
1314 231 1370 289 U
1370 230 1418 287 G
1432 229 1727 290 URTHA.

347 390 642 461 <postremo
682 383 1036 455 confirmare,
1065 383 1239 440 fidem
1272 383 1561 459 publicam
1600 402 1704 459 per
1741 402 1864 442 sese
1890 384 2139 441 iuviola-

353 488 478 538 tam
524 482 661 539 fore.
746 479 904 550 Post,
960 481 1063 538 ubi
1110 479 1412 536 silentium
1457 480 1646 555 coepit,
1688 481 1973 556 producto
2027 481 2072 539 J
2080 503 2136 539 u-

349 576 580 652 gurtha‚
609 577 789 633 verba
814 576 955 632 facit
976 596 994 648 ;
1037 575 1240 632 Romae
1280 575 1690 651 Numidiaeque
1719 576 1980 633 facinora
2007 578 2132 651 ejus
2244 599 2245 634 3

347 678 647 743 memorat,
670 673 886 730 scelera
909 671 976 728 in
994 677 1238 746 patrem,
1262 671 1585 747 fratresque
1611 672 1872 729 ostendit
1896 691 1910 729 ε
1958 673 2130 748 “qui-

348 770 458 826 bus
487 769 853 845 juvantibus,
890 769 1216 844 quibusque
1260 768 1545 825 ministris
1577 787 1647 825 ea
1684 770 1884 843 egerit,
1928 788 2130 844 quam-

348 884 528 939 quam
566 864 857 939 intelligat
895 864 1144 939 populus
1172 864 1487 935 Romanus,
1519 869 1719 922 tamen
1755 865 1909 922 velle
1949 867 2115 923 mani

347 964 497 1019 festa
523 962 704 1037 magis
730 981 805 1018 ex
830 963 935 1018 illo
964 961 1177 1018 habere
1202 982 1215 1019 ε
1257 961 1308 1017 si
1346 980 1486 1018 vera
1523 961 1793 1037 aperiret,
1821 962 1887 1018 in
1918 962 2035 1020 fide
2066 970 2126 1020 et

348 1059 656 1116 clementia
706 1059 907 1135 populi
945 1058 1204 1115 Romani
1254 1076 1524 1133 magnam
1565 1077 1726 1133 spem
1774 1059 1865 1115 illi
1905 1059 2122 1116 sitam:

349 1154 442 1211 sin
479 1155 735 1226 reticeat,
765 1174 886 1211 non
919 1154 1088 1211 sociis
1119 1154 1298 1211 saluti
1335 1154 1457 1211 fore
1477 1173 1497 1225 3
1543 1171 1666 1211 sese
1707 1172 1955 1230 suasque
1995 1175 2124 1231 spes

349 1253 812 1326 corrupturum.’'
2242 1253 2245 1312 Ι

465 1346 778 1404 XXXIV.
862 1345 1036 1418 Dein,
1091 1346 1198 1403 ubi
1264 1344 1581 1403 Memmius
1647 1346 1880 1403 dicendi
1943 1347 2120 1404 finem

347 1443 499 1514 fecit,
544 1448 605 1499 et
656 1442 700 1500 J
702 1442 955 1517 ugurtha
1005 1441 1350 1517 respondere
1381 1442 1579 1516 jussus
1629 1448 1734 1510 est,
1776 1441 1838 1499 O.
1886 1442 2119 1500 Baebius

346 1540 620 1597 tribunus
653 1539 853 1615 plebis,
882 1558 1057 1615 quem
1094 1538 1340 1615 pecunia
1376 1544 1714 1615 corruptum
1753 1559 1932 1618 supra
1969 1540 2118 1596 dixi-

346 1654 492 1707 mus,
520 1654 715 1711 regem
753 1640 946 1692 tacere
975 1635 1187 1710 jubet:
1227 1653 1311 1705 ac,
1346 1636 1583 1692 tametsi
1621 1635 1959 1708 multitudo,
1987 1655 2117 1711 quae

348 1734 414 1790 in
481 1733 750 1790 concione
816 1734 1031 1804 aderat,
1101 1731 1477 1789 vehementer
1540 1751 1789 1804 accensa,
1859 1734 2115 1790 terrebat

346 1850 481 1888 eum
507 1829 770 1900 clamore,
798 1830 988 1901 vultu,
1019 1848 1168 1905 saepe
1194 1830 1436 1904 impetu,
1465 1834 1644 1905 atque
1669 1828 1799 1886 aliis
1825 1829 2109 1897 omnibus

345 1946 473 2003 quse
524 1927 613 1983 ira
664 1926 792 1983 fieri
844 1932 1017 1996 amat,
1075 1926 1222 1983 vicit
1285 1934 1485 1985 tamen
1551 1927 1933 2001 impudentia.
2018 1927 2113 1984 Ita

345 2022 592 2097 populus
615 2022 870 2079 ludibrio
895 2022 1129 2079 habitus
1157 2042 1232 2079 ex
1257 2024 1530 2080 concione
1557 2022 1855 2095 discessit;
1896 2021 1943 2079 J
1944 2042 2110 2098 ugur-

344 2118 462 2176 thae
492 2118 819 2193 Bestiaeque
846 2123 907 2175 et
931 2117 1151 2189 ceteriS,
1183 2137 1327 2193 quos
1365 2118 1468 2175 illa
1493 2118 1735 2193 quaestio
1762 2118 2105 2194 exagitabat,

345 2211 527 2268 animi
553 2217 885 2286 augescunt.

353 2373 358 2380 ᾗ
464 2306 750 2364 XXXV.
833 2307 980 2364 Erat
1001 2327 1076 2365 ea
1102 2314 1449 2384 tempestate
1470 2309 1672 2367 Romae
1700 2309 1966 2369 Numida
1991 2311 2107 2388 qui-

346 2386 496 2471 dam,
517 2401 753 2458 nomine
780 2400 1051 2473 Massiva,
1073 2402 1336 2460 Gulussae
1358 2405 1528 2476 filius,
1554 2404 1876 2463 Masinissae
1894 2425 2103 2483 nepos3

346 2496 464 2569 qui,
513 2494 666 2570 quia,
709 2495 774 2551 in
819 2496 1171 2555 dissensione
1223 2517 1444 2573 regum,
1483 2499 1528 2557 J
1529 2500 1794 2575 ugurthae
1835 2503 2105 2560 adversus

344 2590 553 2660 fuerat,
592 2590 788 2647 dedita
824 2591 989 2648 Cirta
1018 2598 1079 2649 et
1114 2591 1453 2650 Adherbale
1483 2594 1804 2667 interfecto,
1833 2595 2106 2674 profugus

345 2704 421 2740 ex
468 2685 674 2742 Africa
724 2686 959 2744 abierat.
1052 2686 1217 2744 Huic
1260 2688 1355 2764 Sp.
1385 2690 1659 2762 Albinus,
1699 2692 1804 2767 qui
1844 2694 2107 2767 proximo

345 2798 499 2836 anno
537 2787 667 2855 post
708 2780 967 2838 Bestiam
994 2801 1126 2839 cum
1169 2784 1235 2852 Q.
1267 2782 1531 2841 Minucio
1559 2783 1716 2842 Rufo
1742 2788 2106 2846 consulatum

343 2876 595 2951 gerebat,
637 2877 958 2951 persuadet,
1001 2880 1277 2958 quoniam
1314 2898 1390 2936 ex
1427 2881 1609 2956 stirpe
1647 2881 1973 2941 Masinissae
2012 2885 2102 2955 sit,

273 2954 284 2978 ⁹
344 2971 388 3028 J
392 2971 701 3046 ugurtham
727 2971 800 3028 ob
838 2972 1049 3030 scelera
1087 2973 1312 3030 invidia
1352 2993 1486 3032 cum
1525 2980 1689 3033 metu
1732 2983 1955 3053 urgeat,
1985 2999 2105 3055 reg-

344 3085 488 3123 num
514 3065 811 3123 Numidiae
851 3067 924 3123 ab
964 3074 1171 3126 senatu
1205 3075 1386 3145 petat.
1468 3054 1703 3128 Avidus
1737 3073 1937 3131 consul
1968 3075 2103 3132 belli

344 3163 599 3237 gerendi,
628 3163 851 3219 moveri
889 3182 1063 3237 quam
1101 3183 1390 3222 senescere
1429 3166 1625 3222 omnia
1661 3167 1954 3228 malebat:
1995 3170 2102 3246 ipsi
2174 3157 2179 3161 ’

345 3258 645 3333 provincia
661 3256 961 3329 Numidia,
980 3257 1245 3317 Minucio
1266 3260 1610 3318 Macedonia
1627 3269 1913 3322 evenerat.
1963 3265 2099 3339 Quae
2233 3213 2235 3282 ι

337 3356 651 3442 postquam
692 3351 949 3412 Massiva
987 3355 1207 3431 agitare
1247 3356 1435 3434 coepit,
1465 3376 1654 3436 neque
1691 3357 1736 3415 J
1737 3360 2005 3435 ugurthae
2039 3364 2099 3422 in
