2292 3692
575 246 777 307 SALL
790 243 1020 303 USTII
1069 244 1125 301 J
1136 244 1245 303 HG
1257 244 1557 305 URTHA.
1897 247 1973 304 29

310 397 602 461 XXXII.
687 399 837 457 Haec
889 408 1068 476 atque
1102 400 1221 457 alia
1259 400 1664 475 hujuscemodi
1701 419 1852 477 saepe
1889 402 1974 457 di-

189 503 392 574 cendo,
436 499 754 557 Memmius
805 499 1024 574 populo
1075 500 1406 574 persuadet,
1451 499 1546 555 uti
1599 497 1665 556 L.
1724 498 1970 569 Cassius,

188 599 297 675 qui
337 606 469 654 tum
509 601 723 672 praetor
764 598 908 663 erat,
938 593 1016 650 ad
1041 593 1085 652 J
1087 594 1406 671 ugni-tham
1438 596 1789 666 mitteretur,
1816 613 1974 652 cnm-

189 714 308 773 que
360 692 706 768 interposita
752 690 871 747 fide
922 690 1173 766 publica,
1231 690 1484 747 Romam
1536 691 1805 749 duceret:
1855 709 1972 765 quo

184 790 435 862 facilius,
473 787 693 845 indicio
729 787 901 863 regis,
946 785 1151 843 Scauri
1191 791 1253 844 et
1289 785 1662 862 reliquorum,
1692 806 1838 863 quos
1878 807 1973 863 pe-

183 888 377 946 cuniae
430 892 613 962 captoe
666 884 1045 954 arcessebant,
1090 883 1307 940 delicta
1358 884 1718 959 patefierent.
1803 885 1966 942 Dum

183 985 314 1042 haec
341 984 544 1041 Romae
582 985 881 1057 geruntur,
911 979 1016 1056 qui
1053 980 1119 1036 in
1155 979 1442 1036 Numidia
1471 980 1660 1037 relicti
1694 1000 1731 1038 a
1770 981 1971 1038 Bestia

188 1081 476 1141 exercitui
527 1083 832 1156 praeerant,
887 1078 1070 1135 secuti
1134 1095 1359 1133 morem
1423 1077 1790 1153 imperatoris
1856 1078 1965 1148 sui,

186 1180 445 1258 plurima
469 1183 531 1233 et
564 1174 1009 1251 flagitiosissima
1043 1173 1300 1230 facinora
1333 1174 1532 1231 fecere.
1618 1172 1807 1231 Fuere
1844 1175 1966 1250 qui,

186 1294 333 1334 auro
388 1272 663 1347 corrupti,
721 1268 1056 1346 elephantos
1108 1268 1154 1326 J
1155 1268 1421 1345 ugurthae
1473 1269 1808 1327 traderent:
1862 1270 1968 1328 alii

186 1372 461 1450 perfugas
512 1368 807 1425 vendere:
861 1384 996 1442 pars
1039 1385 1115 1421 ex
1154 1365 1377 1442 pacatis
1418 1365 1641 1442 praedas
1683 1367 1965 1443 agebant:

186 1473 359 1525 tanta
396 1466 489 1522 vis
527 1464 789 1521 avaritiae
829 1463 895 1519 in
934 1463 1158 1519 animos
1197 1481 1413 1533 eorum,
1445 1462 1632 1519 veluti
1670 1464 1849 1536 tabes,
1876 1464 1962 1521 in-

184 1567 435 1620 vaserat.
517 1561 608 1617 At
644 1558 890 1628 Cassius,
920 1557 1143 1633 perlata
1176 1557 1477 1632 rogatione
1502 1577 1538 1614 a
1565 1556 1627 1614 O.
1661 1557 1961 1630 Memmio,

185 1679 255 1717 ac
281 1658 546 1735 perculsa
584 1656 746 1714 omni
782 1655 1108 1722 nobilitate,
1135 1654 1210 1711 ad
1249 1653 1294 1711 J
1295 1655 1612 1730 ugurtham
1653 1657 1965 1732 proficisci-

188 1764 296 1816 tur
324 1777 338 1814 :
382 1757 438 1814 ei
464 1756 692 1825 timido,
719 1761 781 1813 et
809 1775 883 1813 ex
909 1754 1265 1812 conscientia
1296 1754 1582 1812 diffidenti
1617 1756 1790 1814 rebus
1822 1735 1963 1826 suis,

184 1856 517 1934 persuadet,
565 1858 600 1888 “
614 1854 891 1931 quoniam
931 1873 991 1911 se
1029 1853 1246 1930 populo
1286 1851 1553 1910 Romano
1594 1853 1861 1923 dedisset,
1886 1874 1966 1912 ne

183 1953 312 2009 vim
352 1970 527 2027 quam
554 1949 1005 2007 misericordiam
1037 1949 1162 2024 ejus
1194 1948 1447 2024 experiri
1488 1948 1744 2006 mallet.''
1828 1950 1960 2006 Pri·

184 2049 374 2106 vatim
400 2053 681 2124 praeterea
705 2046 880 2103 fidem
919 2065 1084 2102 suam
1119 2044 1459 2121 interponit,
1490 2063 1667 2121 quam
1702 2046 1803 2103 ille
1841 2065 1964 2103 non

184 2145 447 2216 minoris»,
478 2162 654 2218 quam
679 2142 988 2218 publicam,
1019 2142 1307 2200 ducebat:
1347 2141 1485 2199 talis
1524 2160 1592 2199 ea
1617 2147 1963 2218 tempestate

184 2243 345 2299 fama
372 2241 444 2297 de
473 2240 670 2298 Cassio
697 2247 838 2298 erat.

308 2337 631 2395 XXXIII.
716 2337 912 2413 Igitur
939 2335 983 2393 J
983 2335 1258 2411 ugurtha,
1287 2340 1492 2393 contra
1518 2335 1693 2393 decus
1718 2336 1960 2412 regium,

184 2435 356 2495 cultu
408 2454 585 2511 quam
623 2433 878 2490 maxime
917 2432 1250 2504 miserabili,
1295 2451 1430 2489 cum
1474 2432 1671 2490 Cassio
1690 2469 1695 2476 ·
1712 2434 1964 2491 Romam

184 2531 355 2589 venit
379 2550 393 2590 t
435 2549 517 2602 ac,
547 2530 782 2586 tametsi
807 2529 874 2585 in
903 2529 1029 2605 ipso
1063 2547 1275 2604 magna
1300 2528 1390 2586 ‘vis
1431 2528 1613 2585 animi
1656 2535 1798 2600 erat,
1829 2548 1963 2586 con·

190 2629 461 2685 firmatus
514 2627 587 2682 ab
640 2644 729 2682 om
737 2624 923 2696 nibus,
966 2642 1217 2700 quorum
1266 2624 1529 2699 potentia
1581 2629 1686 2680 aut
1752 2624 1964 2682 scelere

186 2727 404 2781 cuncta
448 2740 517 2778 ea
557 2726 824 2797 gesserat,
874 2738 1004 2796 quae
1046 2738 1221 2794 supra
1270 2718 1543 2791 diximus,
1589 2719 1651 2778 O.
1699 2720 1967 2777 Baebium

185 2819 496 2877 tribunum
545 2816 732 2894 plebis
775 2835 990 2892 magna
1038 2815 1303 2872 mercede
1348 2821 1531 2889 parat,
1577 2816 1743 2891 cujus
1780 2816 1967 2891 impu·

187 2914 392 2973 dentia
418 2921 622 2971 contra
641 2913 740 2989 jus
766 2918 828 2970 et
851 2912 1100 2988 injurias
1127 2930 1328 2968 omnes
1348 2911 1615 2967 munitus
1641 2912 1806 2968 foret.
1874 2911 1968 2968 At

127 3051 132 3060 ·
190 3013 254 3070 C.
320 3010 655 3080 MemmiuS,
709 3008 992 3066 advocata
1058 3008 1351 3078 concione,
1408 3005 1787 3083 (quamquam
1840 3007 1968 3081 regi

189 3108 406 3166 infesta
442 3105 640 3183 plebes
685 3110 825 3176 erat,
873 3110 933 3161 et
972 3123 1107 3181 pars
1145 3103 1212 3160 in
1254 3103 1492 3160 vincula
1532 3102 1669 3159 duci
1695 3102 1963 3175 jubebat,

188 3223 344 3281 pars,
386 3203 453 3260 ni
498 3203 677 3261 socios
724 3202 952 3260 sceleris
1005 3202 1096 3259 sui
1135 3201 1406 3278 aperiret,
1447 3218 1607 3257 more
1660 3199 1964 3273 majorum,

193 3302 268 3359 de
298 3300 466 3358 hoste
498 3298 848 3378 supplicium
880 3296 1073 3376 sumi,)
1101 3295 1394 3373 dignitati,
1425 3313 1601 3371 quam
1632 3294 1753 3365 irae,
1784 3293 1969 3368 magis

193 3399 514 3472 consulens,
567 3398 766 3457 sedare
816 3401 1028 3470 motuS,
1084 3401 1145 3454 et
1190 3395 1414 3453 animos
1466 3410 1665 3449 eorum
1718 3389 1965 3463 mollire,
