2292 3692
577 229 777 294 SA'LL
791 233 981 294 USTI
977 232 1019 292 I
1062 233 1116 291 J
1122 233 1182 292 U
1179 233 1231 293 0
1241 232 1535 292 URTHA„
1867 237 1940 295 65

139 395 341 467 atque
369 389 675 448 inhonesta
712 390 963 450 vendere
1001 408 1127 447 mos
1161 395 1300 447 erat.
1386 389 1582 447 Etiam
1620 395 1794 448 antea
1830 390 1876 448 J
1880 411 1941 448 u-

141 485 394 562 gurthae
436 486 555 543 filia
595 485 810 544 Bocchi
848 480 1141 562 nupse‘rat.
1226 485 1457 543 Verum
1483 506 1552 544 ea
1577 486 1939 545 necessitudo

144 583 320 659 apud
348 582 639 640 Numidas
667 584 1019 659 Maurosque
1044 583 1192 640 levis
1217 582 1481 643 ducitur:
1521 584 1673 660 quod
1702 585 1935 662 singuli,

145 700 267 757 pro
307 681 517 756 opibus
542 682 802 758 quisque,
832 701 1009 757 quam
1035 680 1320 757 plurimas
1342 699 1572 754 uxores,
1603 682 1782 739 denas
1816 682 1936 753 alii,

55 833 58 838 .
146 776 263 834 alii
290 777 504 852 plures,
534 776 783 850 habent3
830 777 932 835 sed
957 795 1123 853 reges
1149 796 1218 833 eo
1244 777 1509 853 amplius,
1583 776 1684 834 Ita
1709 777 1940 835 animus

147 874 546 931 multitudine
572 873 946 946 disti-abitum
985 873 1152 930 nulla
1177 892 1283 948 pro
1308 874 1464 930 socia
1494 873 1750 931 obtinet.
1792 875 1941 950 pari-

150 974 253 1025 ter
279 986 483 1026 omnes
509 970 655 1027 viles
680 974 833 1027 sunt.

282 1062 585 1122 LXXXI.
657 1064 886 1140 Igitur
869 1084 932 1121 in
958 1064 1153 1121 locum
1167 1064 1447 1121 ambobus
1473 1065 1752 1140 placitum
1780 1083 1940 1122 exer-

154 1162 317 1218 citus
345 1164 728 1221 conveniunt:
768 1162 869 1232 ibi,
911 1163 1027 1219 fide
1066 1164 1206 1219 data
1245 1168 1307 1219 et
1343 1169 1594 1239 accepta,
1637 1162 1941 1238 ‚Iugurtha

156 1257 384 1315 Bocchi
408 1259 670 1315 animum
697 1258 957 1316 oratione
982 1258 1277 1316 accendit:
1311 1262 1345 1291 ‘⁴
1361 1257 1659 1315 Romanos
1673 1259 1934 1334 injustos,

157 1353 453 1429 profunda
471 1354 734 1425 avaritia,
754 1374 1086 1412 communes
1106 1354 1371 1412 omnium
1397 1354 1590 1412 hostes
1611 1374 1763 1413 esse:
1806 1374 1939 1413 ean-

159 1452 295 1509 dem
349 1452 482 1509 illos
532 1468 791 1509 caussam
843 1452 986 1509 belli
1031 1471 1166 1508 cum
1212 1450 1442 1509 Boccho
1486 1450 1716 1523 habere,
1759 1471 1937 1528 quam

160 1566 359 1626 sengum
400 1553 460 1604 et
498 1567 633 1605 cum
671 1547 801 1604 aliis
839 1548 1127 1623 gentibus,
1171 1545 1495 1604 lubidinem
1534 1547 1936 1622 imperitandi:

160 1643 328 1726 queis
353 1644 549 1701 omnia
572 1664 753 1720 regna
774 1646 1014 1703 adversa
1041 1646 1162 1702 sint
1185 1666 1198 1703 ς
1253 1651 1385 1703 tum
1410 1664 1547 1716 sese,
1577 1646 1775 1720 paullo
1800 1655 1937 1703 ante

163 1735 686 1815 Ganhaginienses,
716 1743 860 1798 item
885 1760 1081 1817 regem
1117 1742 1351 1813 Persen,
1381 1749 1530 1818 post,
1561 1744 1653 1799 uti
1693 1743 1939 1819 quisque

163 1835 635 1912 opulentissimus
686 1836 973 1909 videatur,
1017 1837 1104 1894 ita
1142 1836 1426 1894 Romanis
1476 1837 1702 1896 hostem
1760 1838 1932 1897 fore.''

165 1932 285 1989 His
309 1940 486 2009 atque
512 1933 642 1990 aliis
667 1932 885 1990 talibus
912 1934 1101 2004 dictis,
1131 1934 1211 1991 ad
1239 1934 1466 1991 Cirtam
1505 1935 1783 2011 oppidum
1823 1936 1939 1994 iter

166 2030 532 2089 constituunt
542 2051 561 2103 5
604 2032 761 2107 quod
787 2031 871 2088 ibi
898 2030 1177 2089 Metellus
1196 2032 1449 2108 praedam
1476 2033 1850 2110 captivosque
1875 2042 1936 2091 et

167 2126 577 2203 impedimenta
595 2127 901 2185 locaverat.
972 2128 1088 2198 Ita,
1107 2128 1151 2185 J
1154 2127 1407 2203 ugurtha
1431 2132 1610 2194 ratus,
1629 2134 1749 2200 aut,
1769 2136 1937 2206 capta

168 2223 323 2294 urbe,
355 2237 542 2299 operae
566 2225 823 2299 pretium
849 2224 989 2296 fore,
1018 2231 1137 2296 aut,
1168 2224 1219 2281 si
1246 2222 1548 2281 Romanus
1573 2225 1793 2308 auxilio
1817 2227 1936 2283 suis

168 2319 433 2391 venisset,
461 2320 660 2396 praelio
686 2339 807 2377 sese
823 2326 1163 2378 certaturos
1233 2319 1393 2376 Nam
1418 2319 1660 2378 callidus
1685 2320 1746 2376 id
1766 2321 1936 2378 modo

169 2414 491 2486 festinabat,
537 2414 755 2472 Bocchi
792 2434 990 2491 pacem
1029 2416 1375 2473 imminuere
1387 2435 1406 2488 ;
1455 2435 1532 2473 ne
1578 2435 1768 2474 moras
1818 2418 1937 2494 agi-

173 2510 346 2567 tando
372 2509 535 2567 aliud
558 2529 736 2586 quam
761 2511 982 2568 bellum
1008 2511 1223 2568 mallet.

287 2605 620 2664 LXXXII.
706 2606 1032 2682 Imperator
1064 2613 1374 2681 postquam
1411 2605 1485 2662 de
1523 2625 1726 2682 regum
1766 2606 1936 2663 socie-

174 2707 292 2759 tate
335 2703 619 2778 cognovit‚
650 2721 769 2759 non
802 2708 1035 2773 temere,
1063 2722 1270 2779 neque,
1313 2702 1406 2760 uti
1437 2723 1586 2779 saepe
1615 2705 1739 2779 jam
1779 2704 1934 2761 victo
2016 2726 2023 2731 ·

59 2785 66 2884 Ἰ
176 2797 217 2855 J
219 2797 464 2874 ugurtha
488 2803 881 2867 consueverat,
911 2799 1180 2855 omnibus
1206 2798 1345 2855 locis
1370 2800 1669 2875 pugnandi
1708 2802 1931 2876 copiam

177 2896 336 2953 facit:
390 2901 648 2952 ceterum
687 2894 846 2951 haud
885 2894 1088 2970 procul
1125 2896 1202 2953 ab
1228 2894 1411 2967 Cirta,
1441 2897 1646 2952 castris
1673 2896 1931 2967 munitis,

61 3015 66 3028 >
177 3009 327 3066 reges
352 2992 649 3066 opperitur
661 3011 679 3062 3
709 2991 915 3047 melius
933 2997 1108 3062 ratus,
1128 2992 1383 3074 cognitis
1395 2991 1637 3070 &aui-is,
1660 2993 1934 3067 quoniam

178 3083 224 3141 is
246 3103 427 3143 novus
451 3085 636 3142 hostis
661 3091 991 3157 accesserat,
1021 3105 1098 3143 ex
1124 3079 1423 3144 commodo
1450 3106 1699 3163 pugnam
1729 3088 1928 3145 facere.
1982 3127 2027 3156 :a
2046 3117 2062 3140 ι.
2106 3141 2117 3166 Ι

180 3181 414 3239 Interim
457 3182 648 3240 Roma
679 3202 784 3259 per
809 3183 1035 3240 litteras
1062 3184 1275 3239 certior
1298 3183 1384 3254 fit,
1413 3183 1770 3258 provinciam
1810 3182 1933 3240 Nu·

179 3278 405 3336 midiam
429 3277 623 3337 Mario
651 3281 877 3338 datam:
919 3298 1059 3336 nam
1083 3278 1376 3360 consulem
1412 3279 1629 3335 factum
1671 3286 1807 3337 ante
1846 3299 1932 3337 ac-

181 3385 408 3454 ceperat.
493 3376 673 3446 Queis
711 3377 884 3435 rebus
928 3395 1105 3452 supra
1149 3355 1369 3433 bonum
1409 3380 1585 3450 atque
1624 3373 1930 3433 honestum

321 3505 446 3550 mo.
1735 3484 1770 3542 5
