2292 3692
636 228 839 289 SALL
852 227 1086 288 USI'II
1120 223 1538 289 CATILINA.
1896 226 1973 285 545

205 383 371 456 ferat,
399 381 682 440 frumenti
707 387 886 457 atque
912 380 1161 438 aliarum
1187 398 1383 438 rerum
1423 384 1646 455 egestas
1684 378 1968 455 prohibet.

209 478 586 552 Quocumque
604 476 693 532 ire
711 475 918 551 placet,
940 475 1095 532 ferro
1111 475 1228 531 iter
1244 475 1622 550 aperiendum
1639 481 1739 532 est.
1824 475 1978 544 Qua·

205 577 442 649 propter
466 589 572 628 vos
596 588 820 642 moneo,
848 564 942 627 uti
978 569 1123 628 forti
1147 576 1328 646 atque
1352 576 1558 646 parato
1583 571 1780 629 animo
1805 571 1977 646 sitis3

205 672 284 736 et,
335 685 469 738 cum
521 665 790 741 praelium
841 663 1087 735 inibitis¹
1127 664 1527 735 memineritis,
1571 684 1682 723 vos-
1721 665 1975 739 divitias,

210 763 398 834 decus,
427 761 686 838 gloriam,
714 766 998 836 praeterea
1030 759 1365 817 libertatem
1404 765 1581 835 atque
1617 760 1887 836 patriam,
1914 763 1980 818 in

206 858 431 917 dextris
454 863 704 934 portare.
790 856 857 914 si
880 855 1188 927 vincimus,
1209 857 1408 913 omnia
1432 855 1599 912 nobis
1624 863 1761 914 tuta
1784 863 1977 930 erunt,

114 1003 123 1010 .
205 958 560 1013 commeatus
579 952 827 1024 abunde,
847 951 1086 1029 coloniae
1113 959 1293 1027 atque
1318 950 1637 1027 municipia
1660 952 1979 1027 patebunt:

211 1048 306 1106 sin
343 1054 506 1106 metu
545 1049 899 1118 cesserimus,
942 1046 1144 1104 eadem
1170 1046 1276 1103 illa
1301 1047 1543 1129 adversa
1576 1049 1749 1105 fient:
1789 1066 1982 1125 neque

206 1143 383 1214 locus,
411 1162 601 1218 neque
637 1143 859 1201 amicus
896 1142 1208 1218 quisquam
1246 1148 1418 1219 teget,
1458 1161 1634 1218 quem
1666 1162 1831 1201 arma
1860 1164 1983 1202 non

206 1238 489 1296 texerint.
575 1237 882 1309 Praeterea,
909 1237 1142 1311 milites,
1171 1256 1293 1295 non
1319 1238 1521 1297 eadem
1557 1238 1727 1296 nobis
1765 1244 1826 1297 et
1862 1238 1982 1298 illis

174 1370 179 1377 ·
209 1334 574 1393 necessitudo
612 1333 949 1409 impendet:
1000 1352 1109 1390 nos
1149 1352 1256 1409 pro
1294 1336 1502 1410 patria,
1543 1352 1651 1410 pro
1688 1333 1979 1407 libertate,

207 1450 315 1508 pro
353 1430 481 1488 vita
518 1435 845 1502 certamus;
895 1429 1015 1486 illis
1060 1448 1557 1504 supervacaneum
1597 1435 1688 1487 est
1724 1448 1983 1506 pugnare

206 1545 315 1603 pro
357 1525 626 1602 potentia
670 1543 1002 1600 paucorum.
1088 1523 1223 1592 Quo
1261 1512 1538 1582 audacius
1575 1525 1980 1601 adgrediminss

208 1639 493 1679 memores
519 1620 780 1729 pristinae
805 1618 1064 1677 virtutis.
1147 1618 1348 1697 Licuit
1371 1619 1555 1693 nobis,
1598 1639 1731 1678 cum
1757 1639 1985 1679 summa

149 1706 599 1794 “turpitudine,
620 1715 687 1773 in
713 1714 891 1773 exilio
917 1721 1151 1773 oetatem
1178 1728 1376 1791 agere.
1416 1717 1691 1791 potuistis
1716 1716 1986 1774 nonnulli

209 1811 438 1883 Romae,
479 1811 704 1868 amissis
742 1811 926 1891 bonis,
967 1811 1185 1869 alienas
1224 1829 1359 1886 opes
1399 1815 1746 1891 exspectare.
1831 1809 1987 1878 Quia

207 1908 315 1965 illa
338 1906 494 1964 foeda
518 1911 695 1982 atque
720 1905 1085 1964 intoleranda
1110 1904 1256 1962 viris
1280 1905 1643 1974 videbantur,
1672 1904 1794 1962 haec
1820 1905 1986 1980 sequi
2103 1976 2108 1981 ,

211 2002 567 2061 decrevistis,
646 2001 718 2058 Si
770 2000 895 2059 haec
945 2001 1276 2077 relinquere
1313 2000 1511 2071 vultis,
1559 2000 1802 2057 audacia
1840 2019 1986 2077 opus

208 2105 338 2158 est:
380 2118 567 2170 nemo,
596 2098 713 2155 nisi
737 2099 944 2169 victor,
973 2116 1113 2174 pace
1138 2097 1358 2155 bellum
1384 2097 1651 2156 mutavit.
1734 2096 1799 2154 N
1800 2116 1895 2153 am
1919 2096 1987 2153 in

208 2196 355 2271 fuga
378 2194 628 2251 salutem
652 2211 897 2269 sperare,
916 2212 1050 2250 cum
1076 2212 1251 2266 arma,
1278 2192 1493 2268 quibus
1519 2212 1725 2268 corpus
1745 2194 1983 2268 tegitur,

134 2358 177 2367 Μ
210 2291 289 2353 ab
328 2290 596 2347 hostibus
634 2289 932 2371 averteris,
962 2307 1030 2344 ea
1055 2307 1196 2346 vero
1226 2288 1523 2346 dementia
1560 2295 1663 2346 est.
1749 2288 1988 2365 Semper

210 2385 280 2441 in
298 2386 499 2462 praelio
519 2385 844 2442 maximum
862 2389 953 2440 est
976 2383 1318 2459 periculum,
1336 2382 1439 2460 qui
1459 2385 1715 2441 maxime
1734 2384 1949 2443 timent
1970 2406 1986 2446 z

213 2465 465 2538 audacia'
479 2498 586 2556 pro
601 2498 770 2536 muro
789 2479 1053 2536 habetur.
1125 2479 1278 2536 Oum
1295 2498 1400 2536 vos
1420 2480 1732 2552 considero,
1752 2481 1986 2550 milites,

138 2590 141 2593 “
212 2584 276 2634 et
315 2595 455 2653 cum
493 2575 649 2631 facta
673 2560 869 2632 vestra
906 2574 1146 2646 aestimo,
1190 2593 1400 2651 magna
1436 2594 1531 2633 me
1569 2566 1698 2650 ‘spes
1728 2577 1987 2635 victoriae

211 2677 395 2729 tenet.
481 2671 755 2741 Animus,
811 2676 967 2741 setas,
1012 2670 1204 2726 virtus
1245 2676 1441 2728 vestra
1491 2689 1586 2727 me
1636 2671 1985 2747 hortantur3

213 2772 496 2842 praeterea
534 2765 898 2824 necessitudo
937 2784 1067 2842 quae
1106 2765 1283 2823 etiam
1338 2765 1574 2823 timidos
1612 2766 1790 2825 fortes
1829 2768 1984 2830 facit.

215 2860 381 2919 Nam
407 2861 731 2926 multitudo,
753 2861 1012 2919 hostium
1037 2880 1114 2917 ne
1140 2860 1557 2918 circumvenire
1582 2868 1774 2937 queat,
1796 2864 1990 2939 prohi-

212 2956 363 3013 bent
401 2957 684 3030 angustiae
723 2956 852 3013 loci.
956 2956 1128 3024 Quod
1167 2955 1218 3012 si
1255 2955 1471 3013 virtuti
1508 2954 1716 3014 vestra}
1754 2959 1992 3016 fortuna

213 3051 517 3124 inviderit,
561 3058 776 3126 cavete,
817 3052 998 3109 inulti
1036 3053 1291 3109 animam
1332 3053 1653 3125 amittatis,
1639 3072 1653 3085 ·
1690 3072 1808 3111 neu
1834 3056 1991 3130 capti

214 3149 433 3239 potius,
462 3148 640 3206 sicuti
663 3167 879 3225 pecora,
909 3147 1299 3216 trucidemini,
1326 3166 1519 3223 quam,
1547 3148 1805 3204 virorum
1831 3167 1991 3205 more

218 3231 571 3329 pugnantes,
601 3244 901 3303 cruentam
927 3249 1104 3357 atque
1130 3243 1456 3328 luclfflosam
1480 3241 1786 3300 victoriam
1811 3240 1992 3300 hosti-

215 3342 331 3401 bus
356 3340 717 3416 relinquatis.
721 3340 754 3366 ²'
