2292 3692
66 108 75 119 ,

204 208 215 241 Ξ

335 251 413 311 40
766 246 967 337 ‚SALL
978 246 1210 307 USTII
1245 245 1341 307 CA
1352 243 1660 304 TILINA.

332 403 567 477 gentem
605 397 1039 455 infestissimam
1079 396 1306 454 nomini
1345 396 1613 455 Romano
1644 394 1723 453 ad
1753 393 1973 452 bellum
2012 411 2104 451 ac-

196 530 213 545 «
333 498 573 552 cersunt
595 512 610 551 ε
652 493 778 550 dux
793 492 1051 550 hostium
1066 511 1245 568 supra
1260 499 1437 568 caput
1451 497 1546 550 ew
1567 510 1583 549 ε
1621 509 1728 548 vos
1745 492 2102 550 cunctamini

332 590 513 648 etiam
553 607 728 658 nunc,
770 587 914 664 quid
959 588 1117 645 intra
1163 589 1378 646 moenia
1421 586 1793 663 deprehensis
1835 587 2103 645 hostibus

333 683 600 742 faciatis?
700 683 1100 742 Misereamini
1166 682 1775 771 cognom-deliquere
1839 678 2148 741 homines'·
2183 720 2196 729 -

333 778 762 852 adolescentuli,
794 799 899 856 per
935 780 1592 860 ambitionem,--atque
1630 778 1809 837 etiam
1849 786 2104 840 armatos

334 875 666 947 dimittatis.
748 876 811 932 N
811 895 876 949 se,
910 876 1034 951 ‘ista
1072 875 1239 933 vobis
1279 872 1663 931 mansuetudo
1687 880 1750 932 et
1786 873 2105 932 misericor-

333 970 448 1042 dia,
467 970 518 1027 si
535 970 624 1027 illi
640 990 802 1028 arma
819 971 1098 1047 ceperint,
1121 972 1186 1026 in
1202 969 1490 1039 miseriam
1507 973 1716 1035 yertet,
1757 967 1993 1026 Scilicet
2010 988 2105 1026 res

333 1067 461 1144 ipsa
484 1087 685 1144 aspera
701 1075 837 1140 >est3
876 1068 977 1125 sed
1003 1087 1105 1124 vos
1123 1085 1245 1123 non
1270 1065 1491 1123 timetis
1517 1083 1661 1124 eam.
1745 1049 1950 1137 Immo,
1963 1084 2105 1123 vero

333 1164 626 1240 maxime3
681 1164 784 1221 sed
821 1163 1036 1234 inertia
1075 1168 1136 1220 et
1175 1162 1425 1237 mollitia
1471 1161 1669 1232 animi,
1731 1160 1883 1227 alius
1919 1158 2105 1216 alium

334 1264 750 1336 exspectantes,
779 1258 1152 1341 cunctamini,
1183 1258 1273 1314 dis
1311 1257 1738 1316 immortalibus
1755 1256 1970 1328 confisi,
1997 1255 2107 1331 qui

334 1356 486 1413 hanc
529 1355 946 1432 rempublicam
991 1354 1058 1411 in
1097 1355 1368 1412 maximis
1415 1373 1565 1430 soepe
1603 1354 1875 1430 periculis
1912 1370 2104 1409 serva·

333 1469 486 1515 vere.
567 1449 705 1507 Non
718 1450 904 1522 votis,
934 1468 1124 1526 neque
1150 1448 1450 1526 suppliciis
1475 1449 1855 1507 muliebribus
1880 1448 2106 1506 auxilia

334 1548 574 1605 deorum
599 1550 921 1622 parantur:
962 1544 1276 1620 vigilando,
1304 1545 1541 1628 agendo,
1565 1545 1713 1602 bene
1731 1544 2100 1617 consulendo,

333 1660 607 1720 prospera
632 1641 828 1699 omnia
854 1641 1106 1709 cedunt.
1147 1640 1254 1697 ubi
1278 1640 1542 1712 secordias
1569 1646 1630 1698 te
1654 1646 1833 1716 atque
1857 1642 2105 1716 ignaviae

333 1738 661 1810 tradideris,
689 1737 1084 1813 nequidquam
1110 1737 1247 1794 deos
1272 1737 1578 1813 implores3
1620 1736 1760 1794 irati
1792 1737 2104 1813 infestique

335 1842 487 1895 sunt.
569 1832 756 1910 Apud
796 1833 1042 1908 majores
1086 1838 1330 1903 nostros,
1376 1832 1438 1891 Τ.
1471 1831 1732 1889 Manlius
1776 1832 2104 1907 Torquatus

333 1931 487 1991 bello
515 1929 740 1989 Gallico
764 1928 954 1986 filium
980 1947 1169 1998 suum,
1209 1929 1365 2004 quod
1391 1928 1444 1984 is
1474 1932 1677 1985 contra
1698 1928 2009 2004 imperium
2033 1930 2103 1987 in

335 2026 567 2085 hostem
610 2029 986 2101 pugnaverat,
1024 2024 1223 2080 necari
1255 2023 1466 2098 jussit;
1504 2029 1681 2099 atque
1714 2023 1815 2082 ille
1840 2024 2102 2100 egregius

334 2124 661 2181 adolescens
679 2120 1070 2177 immoderatae
1089 2118 1450 2176 fortitudinis
1470 2126 1659 2177 morte
1684 2138 1881 2194 poenas
1905 2119 2098 2187 dedit:

333 2237 440 2276 vos
484 2217 557 2274 de
598 2214 1009 2277 crudelissimis
1043 2216 1344 2293 parricidis
1382 2215 1526 2292 quid
1551 2216 1843 2292 statuatis,
1871 2221 2103 2274 cuncta·

333 2316 521 2391 mini?
580 2311 879 2370 Videlicet
903 2312 1031 2369 vita
1055 2318 1246 2387 cetera
1271 2330 1471 2380 eorum
1497 2312 1636 2370 huic
1660 2313 1858 2370 sceleri
1884 2313 2116 2372 obstat„

335 2410 566 2468 Verum
603 2407 823 2484 parcite
854 2407 1129 2483 dignitati
1165 2408 1421 2479 Lentuli,
1464 2407 1516 2465 si
1550 2408 1673 2484 ipse
1707 2408 2018 2484 pudicitiae,
2046 2409 2102 2466 si

332 2506 500 2564 famae
527 2523 661 2575 suae,
690 2504 743 2562 si
760 2504 849 2560 dis
875 2510 979 2561 aut
999 2503 1332 2581 hominibus
1353 2522 1628 2580 umquam
1646 2504 1785 2562 ullis
1810 2505 2098 2581 pepercitz

332 2600 614 2676 ignoscite
642 2598 884 2676 Cethegi
911 2598 1326 2669 adolescentiae,
1363 2599 1480 2656 nisi
1505 2597 1719 2656 iterum
1740 2599 1868 2676 jam
1892 2599 2099 2676 patriae

331 2696 552 2754 bellum
610 2695 765 2753 fecit.
847 2694 1007 2752 Nam
1047 2694 1191 2770 quid
1228 2713 1333 2770 ego
1389 2694 1461 2752 de
1522 2686 1788 2768 Gabinio,
1840 2695 2096 2769 Statilio,

332 2790 595 2868 Caepario
620 2790 868 2867 loquar?
949 2790 1176 2859 Quibus
1210 2790 1262 2846 si
1288 2789 1605 2866 quidquam
1630 2808 1910 2867 umquam
1934 2793 2102 2867 pensi

331 2889 553 2958 fuisset,
580 2905 700 2943 non
727 2905 796 2942 ea
821 2885 1063 2943 consilia
1087 2885 1161 2942 de
1195 2885 1491 2964 republica
1524 2885 1877 2947 habuissent.
1961 2886 2104 2945 Pos-

330 2991 540 3053 trem0‚
597 2981 804 3040 Patres
842 2981 1167 3058 conscripti,
1209 2980 1261 3038 si
1297 2980 1625 3038 mehercule
1662 2986 1898 3057 peccato
1938 2981 2101 3038 locus

334 3084 499 3150 esset,
527 3077 696 3135 facile
721 3081 950 3153 paterer
976 3095 1077 3132 vos
1101 3076 1229 3152 ipsa
1252 3095 1317 3137 re
1351 3076 1577 3152 corrigi,
1618 3077 1895 3152 quoniam
1920 3076 2103 3134 verba

332 3170 705 3230 contemnitis
716 3192 734 3245 3
762 3173 865 3231 sed
882 3171 1141 3247 undique
1176 3172 1557 3229 circumventi
1582 3190 1797 3230 sumus.
1843 3170 2102 3229 Catilina

332 3287 468 3326 cum
493 3251 753 3327 exercitu
777 3267 1038 3324 faucibus
1063 3272 1273 3342 urget:
1312 3267 1416 3324 alii
1440 3267 1599 3324 intra
1623 3267 1850 3338 moenia,
1879 3267 1946 3323 in
1963 3266 2101 3324 sinu

333 3363 495 3421 urbis
527 3369 667 3422 sunt
706 3362 936 3422 hostes:
976 3381 1169 3440 neque
1201 3362 1411 3440 parari,
1453 3381 1645 3439 neque
1680 3363 1901 3420 consuli
1929 3361 2100 3440 quid·

2268 784 2282 801 ”

2271 1412 2283 1767 4

2269 2766 2279 3151 ι

2271 3564 2278 3657 14
