2292 3692
621 237 827 297 SALL
842 237 1032 296 USTI
1026 236 1070 294 I
1107 236 1205 297 CA
1215 238 1304 295 TI
1300 237 1519 296 LINA.
1878 237 1951 295 47

183 411 292 465 res,
322 391 586 453 eominus
612 393 825 451 acriter
849 392 1096 450 instare:
1123 392 1215 448 illi
1241 391 1400 448 haud
1425 391 1622 449 timidi
1638 390 1947 449 resistunt:

183 488 443 557 maxima
481 488 546 549 vi
584 493 857 545 certatur.
943 488 1180 546 Interea
1207 488 1464 546 Catilina
1501 482 1634 545 c'um
1668 487 1953 563 expeditis

184 581 248 638 in
273 583 466 658 prima
489 582 613 641 acie
636 583 873 655 versari,
901 583 1304 641 laborantibus
1328 601 1674 655 succurrere,
1695 576 1953 659 integros

182 695 291 753 pro
330 677 541 734 sauciis
578 676 881 749 accersere,
923 677 1121 735 omnia
1158 678 1477 755 providere,
1534 678 1791 736 multum
1827 678 1952 754 ipse

182 762 460 848 pugnare,
503 790 653 848 saepe
690 770 918 829 hostem
955 772 1129 829 ferire
1141 791 1162 844 3
1203 772 1428 828 strenui
1454 771 1673 842 militis,
1713 778 1788 859 et⁸
1805 762 1951 830 ¹boni

181 866 552 942 imperatoris
585 867 770 924 officia
804 867 978 924 simul
1010 860 1453 942 exsequebatur.
1535 866 1819 940 Petreius,
1846 869 1951 925 ubi

180 962 348 1018 videt
371 960 700 1032 Catilinam,
723 968 928 1020 contra
944 981 1012 1020 ac
1029 968 1194 1019 ratus
1212 967 1355 1034 erat,
1377 981 1586 1038 magna
1604 963 1668 1018 vi
1694 963 1946 1035 tendere,

181 1060 477 1116 cohortem
503 1044 834 1135 praetoriam
858 1059 925 1115 in
951 1059 1171 1115 medios
1205 1057 1400 1116 hostes
1433 1056 1661 1116 inducit
1680 1077 1699 1129 3
1742 1077 1951 1135 eosque

179 1153 550 1228 perturbatos
602 1159 779 1230 atque
832 1154 977 1211 alios
1030 1153 1175 1211 alibi
1237 1152 1570 1210 resistentes
1634 1153 1947 1226 interficit3

180 1248 394 1305 deinde
416 1249 716 1326 utrimque
744 1268 819 1306 ex
844 1244 1125 1306 lateribus
1152 1240 1522 1323 adgrediturss
1587 1232 1850 1305 Manlius
1889 1246 1951 1306 et

181 1342 522 1403 Faesulanus
561 1332 627 1402 in
665 1345 870 1421 primis
924 1349 1254 1420 pugnantes
1306 1344 1538 1402 cadunt.
1631 1343 1951 1419 Postquam

177 1438 336 1496 fusas
364 1441 572 1517 copias,
601 1460 776 1517 seque
802 1459 936 1497 cum
961 1440 1162 1515 paucis
1187 1438 1458 1496 relictum
1483 1438 1646 1496 videt
1672 1438 1945 1511 Catilina,

177 1551 404 1591 memor
428 1532 652 1611 generis
680 1540 857 1611 atque
883 1536 1142 1611 pristinae
1172 1532 1495 1609 dignitatis,
1519 1534 1583 1590 in
1605 1535 1951 1592 confertissi-

177 1644 304 1684 mos
331 1628 529 1687 hostes
556 1631 818 1701 incurrit,
849 1630 1048 1705 ibique
1072 1620 1339 1705 pugnans
1366 1630 1709 1687 confoditur.

299 1722 415 1780 LX
420 1722 495 1783 1.'
556 1723 688 1797 Sed,
744 1727 1006 1783 confecto
1057 1725 1271 1801 praelio,
1316 1730 1446 1781 tum
1491 1710 1631 1783 vero
1672 1745 1945 1797 cerneres,

177 1825 404 1894 quanta
441 1820 697 1892 audacia,
741 1827 1074 1897 quantaque
1100 1821 1190 1877 vis
1217 1820 1399 1877 animi
1438 1821 1643 1877 fuisset
1683 1822 1748 1878 in
1788 1841 1950 1878 exer·

178 1914 304 1971 citu
345 1914 628 1973 Catilinae.
728 1916 887 1973 Nam
925 1916 1060 1988 fere,
1104 1935 1278 1992 quem
1316 1901 1563 1993 quisque
1600 1917 1771 1973 vivus
1808 1935 1951 1991 pug-

175 2010 374 2068 nando
425 2011 616 2068 locum
669 2017 914 2087 ceperat,
969 2030 1121 2082 eum,
1177 2010 1385 2067 amissa
1449 2011 1657 2080 anima,
1713 2029 1950 2086 corpore

176 2106 430 2182 tegebat.
513 2106 698 2164 Pauci
737 2113 950 2179 autem,
994 2125 1138 2183 quos
1175 2106 1398 2163 medios
1438 2106 1639 2163 cohors
1676 2107 1949 2182 praetoria

176 2201 519 2289 disjecerat,
538 2203 736 2278 paullo
774 2203 1093 2274 diversius,
1104 2202 1203 2260 sed
1233 2221 1431 2259 omnes
1458 2208 1656 2259 tamen
1694 2203 1976 2260 adversis‘
2007 2244 2026 2271 5

175 2272 521 2357 vulneribus
574 2280 959 2356 conciderant.
1046 2298 1303 2356 Catilina
1342 2316 1480 2354 vero
1521 2297 1691 2372 longe
1742 2316 1779 2353 a
1831 2297 1951 2354 suis
1982 2320 2014 2351 .-

176 2391 335 2449 inter
372 2392 632 2451 hostium
672 2395 951 2451 cadavera
977 2400 1243 2470 repertus
1269 2397 1373 2463 est,
1404 2391 1731 2468 paullulum
1771 2392 1950 2450 etiam

175 2489 422 2564 spirans,
461 2490 850 2565 ferociamque
887 2489 1088 2560 animi,
1130 2507 1305 2565 quam
1347 2484 1631 2545 habuerat
1656 2489 1843 2560 vivus,
1884 2488 1951 2544 in

177 2584 354 2642 vultu
391 2585 666 2643 retinens.
751 2584 1074 2658 PostremO,
1113 2604 1189 2642 ex
1229 2585 1388 2641 omni
1429 2584 1609 2660 copia,
1656 2602 1847 2660 neque
1885 2584 1950 2642 in

174 2680 393 2757 praelio,
422 2699 613 2757 neque
637 2681 702 2737 in
727 2681 882 2757 fuga,
912 2681 1225 2757 quisquam
1252 2679 1397 2736 civis
1423 2679 1713 2754 ingenuus
1738 2686 1946 2756 captus
1961 2718 1976 2727 κ

174 2783 280 2837 est.
365 2776 468 2833 Ita
506 2778 704 2834 cuncti
742 2796 860 2835 suae
898 2777 1273 2853 hostiumque
1298 2776 1437 2833 vitae
1468 2775 1649 2850 juxta
1684 2795 1951 2852 peperce-

175 2878 330 2932 rant.
415 2872 628 2949 Neque
654 2879 853 2930 tamen
891 2874 1182 2931 exercitus
1219 2872 1422 2948 populi
1462 2871 1720 2929 Romani
1757 2871 1955 2930 laetam

173 2976 282 3028 aut
306 2968 681 3026 incruentam
705 2969 1011 3026 victoriam
1038 2967 1285 3043 adeptus
1311 2972 1474 3024 erat:
1514 2985 1654 3023 nam
1680 2965 1955 3023 strenuis-

173 3066 362 3122 simus
402 3064 651 3141 quisque
689 3070 795 3121 aut
833 3064 1123 3121 occiderat
1161 3063 1228 3119 in
1269 3062 1485 3139 praelio,
1540 3067 1646 3120 aut
1699 3059 1957 3137 graviter

175 3160 524 3219 vulneratus
549 3160 901 3217 discesserat.
985 3158 1175 3218 Multi
1211 3165 1427 3230 autem,
1470 3156 1574 3234 qui
1613 3156 1688 3213 de
1726 3156 1948 3227 castris,

173 3254 427 3345 viset—idi,
469 3260 577 3313 aut
617 3254 905 3331 spoliandi
941 3254 1150 3332 gratia,
1198 3257 1609 3331 processerant,
1652 3250 1956 3309 volventes
