2292 3692
623 232 821 297 SALL
833 233 1063 295 USTII
1096 226 1209 295 'CA
1220 228 1525 293 TILINA‘.
1884 226 1958 294 29

307 387 509 447 XLV.
592 388 710 446 His
748 389 922 446 rebus
959 388 1048 446 its
1085 388 1250 463 actis,
1287 387 1608 445 constituta
1632 391 1815 457 nocte,
1845 405 1962 464 qua

185 486 706 560 proficiscerentur,
767 483 984 555 Cicero,
1039 502 1146 559 per
1201 484 1421 558 legatos
1459 488 1671 540 cuncta
1708 481 1957 553 edoctus,

189 579 258 638 L.
308 578 554 637 Valerio
593 578 800 637 Flacco
853 583 918 636 et
965 578 1027 635 G.
1073 578 1410 654 Pomptinio
1463 577 1807 653 praetoribus
1857 577 1962 633 im-

188 681 374 752 perat,
420 676 510 733 uti
548 676 614 732 in
653 681 832 752 ponte
870 675 1107 733 Mulvio
1154 694 1260 752 per
1297 675 1537 733 insidias
1576 675 1957 752 Allobrogum

185 769 504 827 comitatus
561 770 1038 845 deprehendant:
1099 788 1222 827 rem
1271 788 1504 827 omnem
1549 770 1756 845 aperit,
1798 770 1961 845 cujus

187 867 381 944 gratia
396 867 824 925 mittebantur:
866 872 1072 938 cetera,
1095 867 1190 923 uti
1208 866 1362 924 facto
1381 884 1525 942 opus
1546 867 1640 937 sit,
1663 866 1750 925 its
1768 872 1957 942 agant,

188 962 499 1039 permittit
583 961 689 1019 Illi
727 961 992 1019 homines
1030 962 1329 1033 militares,
1361 963 1487 1019 sine
1518 962 1780 1019 tumultu
1822 980 1964 1036 prae-

188 1057 356 1115 sidiis
381 1058 686 1128 collocatis,
717 1057 891 1115 sicuti
915 1063 1271 1135 praeceptum
1297 1064 1440 1130 erat,
1476 1060 1701 1118 occulte
1724 1064 1972 1135 pontem

188 1156 482 1214 obsidunt.
566 1155 885 1231 Postquam
922 1155 1000 1217 ad
1035 1155 1101 1213 id
1137 1156 1252 1213 loci
1290 1155 1469 1232 legati
1493 1175 1625 1217 cum
1652 1156 1964 1214 Volturcio

190 1270 419 1323 venere,
462 1258 526 1310 et
565 1252 741 1310 simul
778 1252 1074 1328 utrimque
1112 1251 1331 1309 clamor
1362 1257 1601 1310 exortus
1641 1257 1745 1323 est,
1788 1251 1965 1326 Galli,-

188 1346 309 1404 cito
336 1347 567 1422 cognito
593 1346 849 1419 consiliu,
886 1347 1014 1404 sine
1047 1364 1213 1403 mora
1241 1346 1589 1423 praetoribus
1614 1365 1678 1404 se
1701 1348 1958 1409 tradunt.

189 1440 538 1500 Volturcius
562 1443 770 1518 primo,
814 1441 1152 1500 cohortatus
1177 1449 1415 1512 ceteros,
1447 1442 1642 1519 gladio
1666 1462 1729 1503 se
1757 1462 1794 1501 a
1819 1445 1965 1501 mul-

189 1538 452 1596 titudine
489 1537 788 1612 defendit;
844 1538 1055 1595 deinde
1091 1538 1199 1595 ubi
1236 1558 1276 1596 a
1312 1539 1520 1615 legatis
1556 1539 1818 1597 desertus
1855 1546 1960 1612 est,
2017 1596 2026 1601 .

189 1634 382 1693 multa
405 1700 412 1706 ,
435 1635 598 1711 prius
657 1636 730 1692 de
785 1635 974 1694 salute
1019 1654 1126 1693 sua.
1165 1636 1569 1712 Pomptinium
1620 1638 1959 1709 obtestatus,

188 1732 350 1809 quod
375 1732 433 1789 ei
455 1743 630 1789 notus
656 1737 796 1802 erat,
826 1737 1117 1807 postremo
1141 1731 1403 1804 timidus,
1430 1751 1499 1791 ac
1523 1733 1664 1790 vitae
1683 1733 1960 1806 diffidens,

138 1807 148 1820 ’
188 1826 378 1889 veluti
403 1826 683 1899 hostibus,
711 1843 833 1884 sese
858 1826 1205 1903 praetoribus
1228 1826 1407 1884 dedit.

310 1922 550 1982 XLVI.
637 1923 864 1992 Quibus
916 1923 1091 1982 rebus
1141 1922 1435 1995 confectis,
1492 1923 1689 1981 omnia
1724 1943 1966 2002 propere

190 2039 298 2098 per
321 2002 332 2013 ’
355 2019 600 2077 nuncios
654 2018 882 2076 consuli
934 2018 1320 2077 declarantur.
1403 2018 1496 2075 At
1541 2019 1710 2077 illum
1760 2021 1967 2097 ingens

190 2132 333 2172 cura
358 2119 536 2189 atque
560 2113 770 2173 laetitis
795 2113 971 2171 simul
997 2131 1366 2190 occupavere.
1448 2112 1608 2170 Nam
1638 2113 1964 2190 laetabatur,

190 2209 542 2286 intelligens,
583 2210 982 2286 conjuratione
1013 2210 1319 2286 patefacta,
1353 2209 1654 2268 civitatem
1694 2213 1968 2288 periculis

192 2311 454 2383 ereptam
484 2323 646 2365 esse:
686 2325 860 2382 porro
893 2312 1094 2364 autem
1132 2307 1345 2364 anxius
1379 2311 1522 2378 erat,
1563 2307 1855 2382 dubitans,
1901 2309 1968 2367 in

192 2403 452 2460 maximo
486 2402 701 2460 scelere
732 2402 918 2461 tantis
952 2403 1180 2461 civibus
1214 2403 1601 2480 deprehensis,
1638 2405 1783 2481 quid
1814 2407 1967 2464 facto

192 2518 339 2576 opus
382 2506 572 2573 esset3
629 2519 860 2576 poenam
898 2500 1135 2558 illorum
1180 2499 1297 2557 sibi
1332 2501 1511 2572 oneri,
1554 2500 1968 2576 impunitatem

191 2599 502 2676 perdendae
570 2597 908 2674 reipublicae
975 2597 1262 2658 credebat.
1347 2596 1562 2673 Igitur,
1629 2598 1970 2657 confirmato

194 2695 407 2765 anim0,
468 2695 664 2753 vocari
726 2693 803 2751 ad
850 2711 973 2750 sese
1020 2692 1199 2768 jubet
1246 2690 1582 2765 Rutulum,
1627 2692 1966 2770 Cethegum,

195 2788 514 2862 Statilium,
559 2788 894 2860 Gabinium,
949 2789 1095 2846 item
1149 2787 1219 2858 Q.
1264 2786 1593 2864 Ooeparium
1640 2789 1964 2865 quemdam,

193 2886 684 2956 Terracinensem,
711 2884 816 2961 qui
849 2885 919 2941 in
949 2883 1236 2961 Apuliam
1259 2884 1336 2942 ad
1361 2885 1704 2943 concitanda
1729 2887 1970 2945 servitia

190 2981 479 3059 proficisci
493 2980 753 3057 parabat.
824 2978 1019 3037 Ceteri
1033 2979 1158 3038 sine
1171 2998 1338 3037 mora
1350 2980 1601 3038 veniunt
1615 3002 1629 3042 ε
1653 2981 1964 3057 Goeperius,

192 3077 393 3155 paullo
428 3081 571 3135 ante
605 3076 778 3134 domo
823 3094 1099 3154 egressus,
1137 3075 1370 3153 cognito
1419 3077 1655 3151 indicio,
1708 3095 1786 3135 ex
1822 3077 1968 3134 urbe

190 3172 548 3250 profugerat.
631 3170 849 3233 Consul
875 3171 1213 3245 Lentulum,
1251 3172 1410 3250 quod
1434 3177 1652 3249 praetor
1675 3176 1815 3243 erat,
1841 3170 1970 3248 ipse

192 3287 374 3328 manu
432 3274 638 3329 tenens
688 3270 956 3347 perducit
970 3288 996 3343 ·;
1053 3269 1309 3346 reliquos
1345 3288 1481 3327 cum
1518 3267 1851 3327 custodibus
1900 3267 1968 3326 in

192 3364 377 3427 aedem
414 3365 748 3427 Concordiae
787 3364 988 3428 venire
1014 3364 1203 3444 jubet.
1284 3364 1375 3425 Eo
1398 3368 1665 3424 senatum
1704 3361 1963 3436 advocat,
