2292 3692
547 296 552 302 -
585 250 1030 312 SALLUSTII
1075 249 1554 311 JUGURTHA.
1879 251 1949 309 21

184 422 461 477 mensem,
504 404 690 462 socius
729 411 791 463 et
830 405 1051 462 amicus
1089 404 1294 481 populi
1333 404 1603 477 Romani,
1645 405 1821 463 armis
1859 406 1959 463 ob-

184 518 375 558 sessus
418 506 652 559 teneor:
706 520 897 576 neque
940 500 1089 557 mihi
1131 500 1397 576 Micipsae
1439 501 1622 576 patris
1660 501 1950 573 beneficia,

183 615 376 671 neque
425 602 621 654 vestra
672 597 904 654 decreta
954 597 1360 656 auxiliantur:
1429 597 1598 669 ferro,
1654 616 1732 655 an
1783 598 1951 669 fame,

184 693 377 750 acrius
402 711 625 768 urgear,
659 693 921 750 incertus
952 712 1100 751 sum.
1184 692 1369 750 Plura
1395 693 1467 751 de
1491 693 1536 751 J
1538 693 1791 769 ugurtha
1824 694 1956 752 sori-

182 790 322 848 bero
368 789 714 847 dehortatur
765 809 859 847 me
906 790 1143 848 fortuna
1194 809 1356 847 mea:
1411 791 1591 848 etiam
1635 796 1811 848 antea
1860 810 1955 848 ex-

182 892 386 961 pertus
418 905 565 957 sum,
607 905 815 963 parum
852 886 990 943 fidei
1028 885 1256 943 miseris
1294 905 1446 944 esse:
1487 885 1602 943 nisi
1635 892 1837 944 tamen
1869 884 1954 942 in-

183 982 400 1059 telligo,
456 984 629 1041 illum
678 1002 868 1059 supra,
915 1002 1095 1060 quam
1149 1004 1253 1059 ego
1304 1003 1450 1056 sum,
1505 989 1717 1060 petere,
1765 1001 1955 1061 neque

182 1080 359 1137 simul
389 1080 708 1137 amicitiam
743 1087 1014 1152 vestram,
1062 1086 1125 1137 et
1168 1098 1414 1155 regnum
1455 1099 1650 1138 meum
1692 1099 1951 1157 sperare:

180 1180 386 1232 utrum
410 1175 645 1251 gravius
682 1175 993 1248 existimet,
1032 1175 1260 1234 nemini
1289 1177 1583 1234 occultum
1606 1180 1713 1233 est.
1795 1176 1955 1234 Nam

180 1270 357 1328 initio
382 1272 595 1329 oceidit
619 1271 1035 1346 Hiempsalem,
1066 1274 1311 1330 fratrem
1348 1292 1544 1331 meum
1556 1291 1574 1344 3
1615 1272 1825 1330 deinde
1855 1292 1952 1348 pa-

180 1366 298 1424 trio
322 1385 505 1442 regno
539 1386 633 1424 me
669 1368 899 1443 expulit
914 1386 1139 1443 z-—quae
1179 1387 1318 1425 sane
1355 1368 1578 1425 fuerint
1616 1374 1827 1425 nostrae
1866 1368 1952 1425 in-

171 1460 365 1536 juriae,
410 1461 561 1518 nihil
602 1462 679 1519 ad
720 1481 839 1520 voe.
925 1462 1157 1520 Verum
1199 1483 1361 1521 nuno
1395 1470 1661 1520 vestrum
1705 1483 1954 1540 regnum

180 1557 361 1613 armis
412 1562 604 1613 tenet:
659 1576 768 1628 me,
824 1576 1001 1632 quem
1052 1576 1159 1615 vos
1210 1558 1624 1634 imperatorem
1670 1556 1953 1615 Numidis

179 1650 470 1727 posuistis,
500 1652 777 1709 ‚clausum
820 1652 1077 1725 obsidet3
1129 1653 1455 1728 legatorum
1509 1654 1687 1710 verba
1740 1655 1953 1730 quanti

178 1748 397 1819 feeerit,
440 1748 697 1824 pericula
733 1768 862 1806 mea
895 1749 1212 1807 declarant.
1297 1748 1456 1816 Quid
1486 1749 1796 1825 reliquum,
1833 1749 1948 1807 nisi

178 1847 271 1905 vis
295 1853 505 1919 vestra,
542 1867 660 1924 quo
694 1849 915 1906 moveri
954 1849 1170 1923 possit?
1253 1846 1411 1904 Nam
1446 1866 1552 1922 ego
1578 1848 1815 1923 quidem
1838 1847 1954 1903 vel-

179 1947 313 2017 lem,
341 1952 407 2003 et
430 1945 554 2004 haeo
572 1966 702 2022 quae
721 1947 925 2015 scribo,
952 1952 1013 2003 et
1039 1964 1169 2021 quae
1195 1950 1371 2002 antea
1395 1945 1462 2002 in
1486 1950 1693 2002 senatu
1713 1950 1954 2020 questus

180 2064 324 2116 sum,
354 2063 509 2101 vana
534 2044 725 2101 forent
749 2043 960 2119 potine,
990 2061 1169 2117 quam
1203 2042 1440 2098 miseria
1472 2058 1602 2097 mea
1627 2038 1803 2095 fidem
1827 2058 1954 2097 ver-

179 2141 271 2198 bis
296 2141 527 2200 faceret.
610 2140 739 2212 Sed,
771 2140 1047 2214 quoniam
1073 2157 1142 2195 eo
1167 2144 1343 2196 natus
1370 2156 1514 2209 sum,
1544 2142 1616 2193 ut
1639 2135 1684 2193 J
1685 2136 1953 2212 ugurthae

178 2236 463 2295 scelerum
527 2238 785 2295 ostentui
848 2256 1047 2304 essem,
1115 2255 1238 2293 non
1286 2235 1414 2310 jam
1465 2238 1714 2291 mortem
1764 2253 1955 2310 neque

178 2353 481 2405 aerumnas,
515 2335 922 2392 tantummodo
957 2335 1183 2392 inimici
1219 2335 1531 2409 imperium
1567 2339 1628 2415 et
1664 2333 1955 2390 cruciatus

179 2431 434 2507 eorporis
480 2430 766 2506 deprecor.
852 2431 1059 2507 Regno
1114 2430 1429 2503 Numidiae,
1485 2429 1643 2505 quod
1694 2435 1955 2487 vestrum

180 2531 285 2595 eet,
308 2526 404 2583 uti
430 2525 611 2595 lubet,
640 2525 948 2604 consulite:
981 2544 1077 2582 me
1104 2544 1181 2584 ex
1207 2526 1476 2583 manibus
1501 2524 1700 2600 impiis
1728 2523 1954 2601 eripite,

178 2638 284 2696 per
321 2620 686 2695 majestatem
723 2620 971 2696 imperii,
1015 2638 1121 2695 per
1161 2618 1435 2676 amicitiae
1473 2619 1685 2691 fidem3
1739 2618 1793 2677 si
1829 2618 1952 2676 ulla

178 2715 335 2792 apud
360 2734 465 2772 vos
491 2715 769 2773 memoria
795 2720 1057 2773 remanet
1082 2714 1182 2772 avi
1207 2715 1325 2772 mei
1351 2714 1730 2773 Masinissoe.”

298 2809 514 2869 XXV.
596 2810 715 2870 His
739 2811 956 2869 litteris
981 2810 1258 2883 recitatiS,
1286 2810 1466 2880 fuere,
1495 2809 1598 2885 qui
1624 2809 1949 2867 exereitum

175 2909 244 2967 in
290 2910 559 2968 Africam
604 2910 961 2968 mittendum
1006 2915 1325 2981 censerent,
1375 2916 1437 2968 et
1477 2929 1655 2986 quam
1693 2909 1949 2984 primum

176 3005 508 3063 Adherbali
553 3006 1017 3063 subveniendum
1028 3024 1046 3077 3
1100 3005 1173 3064 de
1219 3004 1263 3063 J
1263 3004 1524 3081 ugurtha
1569 3004 1810 3061 interim
1852 3004 1952 3061 uti

175 3102 594 3173 oonsuleretur,
631 3103 909 3177 quoniam
945 3121 1066 3158 non
1102 3102 1390 3177 paruisset
1423 3100 1643 3175 legatis,
1718 3098 1844 3156 Sed
1877 3101 1953 3157 ab

173 3197 386 3255 iisdem
417 3196 571 3273 regis
602 3197 928 3255 fautoribus
959 3216 1188 3255 summa
1217 3215 1327 3273 ope
1364 3196 1615 3262 enisum,
1654 3212 1730 3252 ne
1761 3194 1951 3254 deere-

172 3300 309 3352 tum
334 3294 514 3352 fieret.
600 3293 698 3351 Ita
728 3295 946 3352 bonum
979 3295 1296 3371 publicum,
1332 3299 1404 3351 ut
1428 3294 1493 3351 in
1528 3292 1818 3368 plerisque
1852 3310 1953 3349 ne·

172 3393 353 3469 gotiis
377 3390 541 3465 solet,
572 3392 801 3469 privata
825 3393 1017 3470 gratia
1043 3393 1355 3451 devictum.
1426 3390 1726 3467 Legantur
1752 3393 1952 3448 tamen
