2292 3692
336 240 390 300 4*
725 237 924 297 SALL
938 235 1165 297 USTII
1212 236 1267 295 J
1273 237 1331 296 U
1326 237 1379 297 61
1391 235 1693 298 URTHA.*

333 401 461 450 tum
519 390 773 468 primum
827 391 1106 467 superbiae
1155 384 1480 450 nobilitatis
1519 392 1765 453 obviam·
1785 393 1934 453 itum
1976 400 2064 453 est
2078 407 2100 468 ς

335 509 464 565 quae
520 491 814 546 eontentio
861 489 1062 547 divina
1099 495 1162 548 et
1199 489 1456 549 humana
1496 500 1701 551 cuneta
1742 494 2094 570 permiscuit,

334 605 515 661 eoque
561 587 840 644 veeordiae
885 589 1178 663 prooessit,
1212 589 1306 645 uti
1341 590 1550 647 studiis
1576 591 1847 649 civilibus
1879 592 2095 650 bellum

333 690 511 759 atque
545 683 789 740 vastitas
828 682 1020 741 Italiae
1063 684 1240 740 finem
1278 684 1504 743 faceret.
1591 686 1721 758 Sed,
1762 688 2095 766 priusquam

334 783 728 859 hujuscemodi
772 781 861 840 rei
901 782 1138 840 initium
1192 783 1453 859 expedit),
1498 802 1683 860 pauca
1723 776 1896 861 supra
1940 805 2096 862 repe·

332 886 494 954 tam3
552 899 683 957 quo,
725 880 799 938 ad
840 880 1312 956 cognoscendum,
1370 881 1565 938 omnia
1603 882 1857 940 illustria
1896 885 2092 960 magis,

333 977 630 1052 magisque
668 976 734 1033 in
773 983 972 1053 aperto
1011 976 1146 1034 sint.
1232 976 1398 1034 Bello
1439 975 1662 1034 Punico
1687 978 1953 1048 secunde,
1981 999 2098 1055 quo

334 1072 458 1127 dux
502 1071 1068 1148 Carthaginiensium
1107 1071 1424 1143 Hannibal,
1464 1078 1596 1147 post
1633 1073 2098 1148 magnitudinem

332 1168 583 1226 nominis
612 1169 878 1240 Romani,
912 1168 1102 1226 Italiae
1127 1188 1264 1246 opes
1282 1170 1538 1227 maxime
1563 1171 1898 1243 adtriverat,
1918 1171 2098 1230 Masi-

330 1267 502 1337 nissa,
531 1286 639 1323 rex
664 1265 1071 1336 Numidarum,
1101 1266 1168 1322 in
1194 1265 1509 1324 amicitiam
1536 1272 1800 1342 receptus
1824 1286 1862 1323 a
1889 1267 1955 1326 P.
1980 1268 2099 1327 Sei-

331 1360 516 1436 pione,
560 1360 655 1416 cui
695 1366 894 1435 postea
919 1359 1203 1417 Africano
1240 1379 1555 1436 eognomen
1591 1379 1666 1417 ex
1701 1360 1925 1419 virtute
1958 1362 2095 1434 fuit,

330 1457 518 1512 multa
556 1462 616 1512 et
667 1455 939 1531 praeclara
983 1456 1070 1513 rei
1108 1455 1378 1513 militaris
1416 1456 1672 1514 facinora
1710 1457 1963 1519 fecerat:
2022 1460 2100 1518 ob

330 1574 474 1629 quae,
505 1553 676 1610 vietis
706 1552 1295 1629 Carthaginiensibus,
1334 1560 1395 1612 et
1427 1561 1595 1631 capto
1622 1555 1900 1631 Syphace,
1930 1556 2022 1633 cuj
2030 1576 2100 1615 us

328 1653 392 1709 in
419 1654 624 1711 Africa
658 1671 936 1729 magnum
962 1658 1137 1729 atque
1172 1653 1292 1711 late
1331 1653 1639 1731 imperium
1676 1654 1885 1727 valuit,
1916 1639 2107 1732 popuss

327 1749 420 1807 lus
460 1751 774 1822 Romanus,
811 1768 1202 1825 quascumque
1237 1750 1407 1807 urbes
1440 1758 1500 1808 et
1536 1768 1702 1826 agros
1730 1753 1910 1808 manu
1936 1770 2099 1829 oepe-

326 1851 435 1917 rat,
471 1846 594 1921 regi
631 1846 781 1903 dono
816 1845 991 1905 dedit.
1034 1827 1038 1833 ¹
1075 1827 1285 1921 Igitur·
1308 1846 1566 1904 amicitia
1590 1846 1914 1905 Masinissae
1941 1847 2099 1907 bona
2244 1821 2250 1920 ἐ

326 1948 501 2018 atque
536 1941 779 1999 honesta
819 1942 985 1998 nobis
1018 1942 1337 2017 permansit
1362 1961 1377 1999 τ
1416 1941 1646 2017 imperii
1676 1942 1929 2017 vitaeque
1970 1942 2099 2018 ejus

323 2040 457 2096 finis
501 2040 657 2096 idem
702 2040 832 2095 suit.
918 2037 1074 2095 Dein
1119 2037 1384 2113 Micipsa,
1434 2037 1605 2109 filius,
1647 2057 1893 2112 regnum
1934 2038 2100 2095 solus

323 2135 595 2205 obtinuit,
624 2134 1024 2191 Mastanabale
1051 2140 1112 2191 et
1140 2133 1404 2204 Gulussa,
1436 2133 1729 2206 fratribus,
1759 2134 1963 2191 morbo
1997 2135 2101 2192 ab·

324 2229 546 2285 sumtis.
631 2227 696 2284 Is
735 2228 1130 2286 Adherbalem
1179 2234 1238 2286 et
1279 2228 1678 2306 Hiempsalem
1717 2248 1793 2286 ex
1831 2248 1955 2287 sese
1993 2249 2098 2306 ge-

322 2325 456 2381 nuit
476 2345 493 2397 3
521 2324 1007 2401 Jugurthamque,
1031 2323 1451 2383 Mastanabalis
1467 2326 1664 2382 fratris
1679 2327 1885 2397 filium,
1905 2346 2094 2402 quem

322 2422 646 2493 Masinissa,
700 2422 854 2498 quod
908 2426 1069 2479 ortus
1124 2440 1202 2479 ex
1240 2411 1559 2480 eeneubina
1599 2430 1740 2496 erat,
1782 2425 2095 2500 privatum

321 2518 719 2592 dereliquerat,
760 2516 954 2573 eodem
999 2516 1178 2588 cultu,
1216 2536 1334 2593 quo
1367 2517 1579 2574 liberos
1613 2536 1764 2589 suos,
1794 2518 1955 2575 domi
1994 2518 2101 2576 ha-

318 2613 464 2671 buit.
845 2677 849 2681 *
1291 2600 1293 2603 Α

437 2708 551 2766 VI.
638 2710 755 2779 Qui
780 2710 883 2767 ubi
908 2710 1162 2785 primum
1190 2710 1461 2780 adolevit,
1488 2708 1713 2785 pollens
1728 2708 1971 2779 viribus,
1996 2708 2100 2766 de-

318 2821 451 2859 eora
476 2804 636 2875 facie,
686 2805 787 2862 sed
818 2805 1005 2861 multo
1046 2804 1300 2860 maxime
1334 2802 1566 2879 ingenio
1602 2802 1844 2874 validus,
1880 2822 2006 2861 non
2034 2823 2104 2862 se

318 2900 479 2972 luxu,
507 2920 695 2975 neque
721 2900 946 2958 inertiae
968 2901 1454 2976 corrumpendum
1470 2899 1669 2972 dedit-‚3
1711 2900 1824 2969 sed,
1851 2900 1948 2957 uti
1964 2918 2103 2956 mos

317 2998 508 3071 gentis
533 2996 692 3052 illius
718 3001 822 3065 est,
862 2995 1139 3071 equitare,
1169 2994 1435 3070 jaculari,
1475 3013 1646 3050 cursu
1683 3013 1817 3051 cum
1852 2995 2103 3071 aequali-

315 3093 425 3150 bus
464 3101 719 3151 eertare:
762 3098 836 3164 et,
880 3112 1013 3150 eum
1051 3112 1249 3151 omnes
1287 3093 1471 3169 gloria
1508 3092 1773 3163 anteiret,
1815 3093 2103 3150 omnibus
2247 3155 2249 3162 ἢ

316 3194 513 3246 tamen
539 3206 706 3245 carus
733 3207 852 3245 esse
876 3208 892 3247 ε
931 3188 1004 3245 ad
1030 3188 1155 3261 hoe,
1194 3187 1470 3264 pleraque
1494 3193 1757 3263 tempora
1782 3186 1844 3245 in
1870 3207 2103 3246 venan-
2248 3171 2249 3178 ἵ

317 3285 391 3341 do
418 3304 600 3360 agere,
638 3284 864 3341 leonem
906 3290 1082 3360 atque
1107 3284 1250 3340 alias
1285 3283 1435 3341 feras
1470 3282 1710 3359 primuS,
1742 3287 1849 3338 aut
1873 3281 1941 3337 in
1969 3283 2102 3357 pri·
2247 3203 2249 3336 4

2248 3449 2249 3478 l

317 3379 426 3435 mis
443 3379 642 3437 ferire:
683 3380 1002 3455 plurimum
1018 3381 1219 3453 faeere,
1243 3381 1552 3438 minimum
1572 3380 1695 3456 ipse
1715 3380 1788 3437 de
1813 3398 1876 3437 se
1900 3377 2098 3457 loqui.
