2292 3692
303 233 389 293 ‹10
707 227 906 289 SALL
920 224 1154 286 USTII
1200 224 1255 283 J
1262 225 1319 284 U
1318 224 1370 284 G
1380 222 1675 283 URTHA.

306 386 636 444 suum'cum
662 382 857 441 animo
876 386 1171 458 reputans,
1193 379 1402 437 timere
1427 377 1709 455 populum
1732 375 2094 449 Romanum}

305 498 501 556 neque
537 480 813 536 adversus
847 480 998 536 iram
1023 477 1152 554 ejus
1179 496 1444 554 usquam,
1483 475 1599 533 nisi
1625 474 1689 531 in
1716 475 1964 531 avaritia
1989 492 2099 530 no-

310 577 559 635 bilitatis
594 581 655 633 et
690 576 937 651 pecunia
973 594 1094 646 sua,
1141 593 1302 650 spem
1328 573 1557 633 habere.
1643 573 1854 648 Itaque
1889 571 2096 648 paucis

312 673 515 750 diebus
535 691 665 729 cum
686 691 828 730 auro
855 677 917 730 et
936 678 1178 748 argento
1206 672 1394 730 multo
1417 672 1670 729 Romam
1695 670 1900 741 mittit,
1924 670 2094 746 queis

310 768 601 845 praecepit,
645 768 902 843 primum
940 768 1033 825 uti
1073 774 1302 825 veteres
1347 768 1562 825 amicos
1606 767 1946 824 muneribus
1993 785 2094 823 ex-

311 863 543 940 pleant3
586 864 797 934 deinde
823 883 1005 922 novos
1030 864 1348 940 adquirant
1359 883 1377 937 3
1419 869 1724 939 postrem0‚
1755 880 2093 939 quemcum-

312 978 430 1034 que
452 960 676 1035 possint
702 960 998 1036 largiendo
1023 979 1244 1037 parare,
1275 979 1351 1017 ne
1378 964 1743 1017 cunctentur.
1823 958 1954 1028 Sed,
1984 958 2092 1014 ubi

313 1054 582 1116 Romam.
599 1056 781 1131 legati
813 1075 1044 1127 venere,
1086 1062 1163 1126 et,
1207 1074 1283 1113 ex
1319 1061 1605 1132 praecepto
1640 1055 1808 1131 regis,
1850 1054 2092 1130 hospiti-

313 1151 437 1222 bus
462 1151 723 1228 aliisque,
748 1171 996 1227 quorum
1025 1170 1093 1208 ea
1110 1156 1460 1228 tempestate
1480 1152 1795 1208 auctoritas
1814 1150 2089 1226 pollebat,

313 1255 525 1321 magna
550 1259 793 1303 munera
828 1246 1035 1303 misere
1044 1264 1065 1318 3
1113 1252 1284 1303 tanta
1309 1247 1689 1304 commutatio
1713 1246 1967 1316 incessit,
1998 1245 2092 1301 uti

314 1362 394 1402 ex
425 1345 684 1399 maxima
719 1343 944 1400 invidia
983 1344 1049 1400 in
1088 1345 1338 1420 gratiam
1370 1350 1432 1401 et
1464 1345 1722 1401 fiivorem
1764 1342 2094 1399 nobilitatis

313 1439 359 1496 J
363 1439 616 1515 ugurtha
629 1441 859 1498 veniret
871 1460 890 1512 3
920 1460 1172 1517 quorum
1187 1460 1322 1517 pars
1339 1459 1455 1518 spe,
1471 1440 1575 1497 alii
1592 1440 1828 1516 praemio
1844 1439 2090 1509 inducti,

316 1536 571 1611 singulos
597 1554 673 1595 ex
701 1536 921 1594 Senatu
947 1538 1270 1608 ambiendO,
1294 1538 1651 1609 nitebantur,
1674 1557 1749 1594 ne
1769 1536 2002 1612 gravius
2028 1535 2096 1591 in

316 1652 452 1690 eum
494 1634 906 1693 consuleretur.
989 1634 1202 1711 Igitur,
1244 1634 1426 1711 legati
1459 1635 1564 1692 ubi
1595 1634 1736 1692 satis
1772 1632 2092 1702 confidunt,

314 1728 411 1785 die
444 1731 782 1801 constituto,
826 1735 1060 1788 senatus
1099 1730 1366 1807 utrisque
1396 1731 1588 1789 datur.
1673 1730 1825 1787 Tum
1861 1729 2096 1787 Adher-

317 1823 506 1883 balem
536 1825 646 1883 hoc
673 1826 845 1883 modo
870 1826 1134 1884 locutum
1162 1827 1503 1904 accepimus,

323 1955 330 1963 ι
435 1920 617 1980 XIV.
706 1928 740 1955 ‘⁴
759 1923 967 1981 Patres
1013 1923 1342 2000 conscripti,
1393 1923 1658 1999 Micipsa,
1709 1929 1879 1999 pater
1930 1941 2097 1979 meus

318 2018 569 2075 moriens
609 2021 898 2094 praecepit,
929 2020 1023 2076 uti
1063 2038 1310 2095 regnum
1343 2020 1642 2077 Numidiae
1682 2018 2096 2076 tantummodo

316 2115 722 2187 procuratione
763 2115 1160 2172 existimarem
1199 2134 1395 2173 meum
1406 2135 1425 2187 3
1469 2122 1727 2174 ceterum
1756 2117 1856 2192 jus
1894 2122 1973 2173 et·
1990 2116 2098 2172 im-

316 2204 546 2281 perium
587 2225 765 2281 penes
803 2227 910 2265 vos
948 2227 1103 2266 esse:
1143 2209 1319 2266 simul
1355 2211 1610 2268 eniterer
1644 2211 1804 2268 domi
1841 2211 2098 2268 militiae-

317 2318 431 2375 que
457 2319 635 2377 quam
660 2304 918 2361 maximo
943 2305 1079 2361 usui
1105 2324 1228 2364 esse
1253 2307 1466 2382 populo
1493 2306 1796 2366 Romano:
1824 2327 1929 2365 vos
1948 2308 2098 2364 mihi

318 2406 711 2475 cognatorum,
734 2419 838 2458 vos
857 2401 1139 2459 adfinium
1165 2403 1290 2461 loco
1312 2402 1613 2461 ducerem:
1642 2404 1692 2461 si
1719 2423 1788 2460 ea
1812 2402 2093 2473 fecissem,

317 2496 383 2565 in
405 2502 598 2554 vestra
622 2497 881 2556 amicitia
900 2500 1240 2570 exercitum,
1266 2499 1519 2572 divitias,
1541 2502 1908 2557 munimenta
1931 2501 2099 2576 regni

319 2591 547 2662 habere.
633 2593 778 2663 Quae
823 2614 957 2652 cum
1003 2601 1292 2672 praeoepta
1331 2595 1591 2670 parentis
1637 2597 1753 2652 mei
1793 2596 2095 2671 agitarem,

317 2689 363 2746 J
364 2690 635 2765 ugurtha,
677 2690 852 2748 homo
891 2692 1154 2748 omnium
1193 2710 1337 2766 quos
1377 2696 1535 2748 terra
1569 2691 1821 2748 sustinet
1859 2690 2099 2747 scelera-

319 2788 595 2861 tissimus,
661 2796 995 2866 contempto
1054 2790 1301 2866 imperio
1353 2794 1564 2861 vestro,
1622 2788 1949 2845 Masinissae
2004 2807 2099 2844 me

318 2891 606 2961 nepotem,
650 2891 712 2943 et
742 2886 870 2962 jam
910 2887 984 2943 ab
1023 2886 1208 2961 stirpe
1247 2884 1467 2943 socium
1500 2889 1562 2941 et
1597 2883 1850 2939 amicum
1881 2882 2101 2959 populo

322 2981 609 3052 Romano,
644 2999 823 3057 regno
855 2981 1222 3057 fortunisque
1255 2980 1523 3037 omnibus
1561 2979 1805 3055 expulit.
1890 2978 2100 3054 Atque

320 3100 443 3157 ego,
462 3080 669 3138 Patres
689 3079 1018 3155 conscripti,
1039 3078 1318 3154 quoniam
1338 3096 1406 3134 eo
1432 3078 1798 3135 miseriarum
1815 3083 2101 3134 venturus

321 3191 493 3246 eram,
522 3175 752 3246 vellem,
781 3174 979 3249 potius
1014 3174 1091 3231 ob
1118 3192 1266 3245 mea,
1295 3192 1474 3249 quam
1510 3174 1585 3230 ob
1611 3173 1897 3249 majorum
1931 3173 2101 3231 bene-

321 3270 467 3342 ficia,
511 3288 676 3346 posse
716 3270 1008 3327 auxilium
1047 3274 1247 3345 petere
1258 3289 1278 3343 3
1319 3288 1386 3328 ac
1427 3270 1682 3327 maxime
1718 3268 1918 3328 deberi
1952 3268 2101 3325 mihi

321 3384 359 3424 a
385 3366 598 3441 populo
626 3366 911 3436 RomanO,
951 3366 1165 3442 quibus
1197 3384 1317 3423 non
1350 3385 1577 3442 egerem
1589 3385 1609 3440 3
1654 3366 1992 3435 secundum,
2032 3385 2102 3429 ea
