2292 3692
346 209 424 267 50
748 206 952 268 SALL
966 206 1197 267 USTII
1244 206 1293 264 J
1302 207 1407 267 UG
1420 206 1707 266 URTHA.

340 364 536 434 portas
562 364 623 416 et
651 338 916 434 proxima
949 358 1077 416 loca
1106 358 1360 416 tribunis
1394 358 1667 433 dispertit
1691 378 1705 415 τ
1747 356 1959 416 deinde
1993 356 2116 432 ipse

339 454 531 529 pergit
570 454 642 510 ad
684 454 979 529 oppidum,
1039 460 1235 529 atque,
1287 460 1357 512 ut
1395 453 1686 529 superiore
1726 452 1837 519 die,
1877 469 2112 508 murum

340 550 690 626 adgreditur.
719 577 728 586 ·
776 549 1031 607 Interim
1093 549 1136 607 J
1140 548 1396 625 ugurtha
1451 568 1528 608 ex
1587 547 1813 608 occulto
1872 554 2112 623 repente

339 654 566 704 nostros
597 647 825 703 invadit
849 667 862 705 z
906 647 1010 723 qui
1043 647 1109 706 in
1140 646 1408 721 proximo
1449 644 1627 702 locati
1662 645 1913 713 fuerant,
1954 643 2112 718 paul-

339 742 516 817 lisper
553 742 750 798 territi
788 741 1252 818 perturbantur3
1316 740 1528 815 reliqui
1578 741 1695 796 cito
1735 739 2107 795 subveniunt.

340 836 550 913 Neque
576 836 799 896 diutius
827 837 1102 895 Numidae
1128 836 1393 894 resistere
1420 837 1760 912 quivissent,
1795 834 1860 890 ni
1886 834 2111 908 pedites

337 950 471 993 cum
497 932 790 1008 equitibus
833 932 1113 1009 permixti
1144 953 1415 1010 magnam
1455 932 1674 990 cladem
1711 930 1776 987 in
1803 948 2110 1005 congressu

337 1026 593 1084 facerent
616 1046 631 1085 x
673 1028 885 1102 quibus
900 1027 992 1085 illi
1006 1027 1160 1102 freti,
1178 1047 1315 1099 non,
1343 1034 1414 1085 ut
1430 1027 1689 1103 equestri
1714 1026 1915 1100 praelio
1946 1025 2106 1095 solet,

299 1123 306 1132 “
337 1122 518 1197 sequi,
547 1122 682 1179 dein
708 1122 909 1181 cedere
930 1143 949 1194 3
991 1122 1093 1179 sed
1129 1122 1385 1182 adversis
1414 1124 1580 1198 equis
1608 1141 1964 1191 concurrere,
2002 1121 2109 1176 im·

335 1217 550 1291 plicare
585 1238 651 1275 ac
686 1218 1025 1293 perturbare
1070 1218 1253 1276 aciem
1274 1238 1297 1291 5
1354 1219 1443 1275 ita
1482 1216 1770 1295 expeditis
1808 1217 2110 1293 peditibus

336 1312 456 1367 suis
481 1312 673 1369 hostes
688 1330 862 1387 paene
886 1311 1071 1369 victos
1097 1313 1249 1370 dare.

454 1407 588 1464 LX.
672 1407 893 1465 Eodem
926 1413 1187 1484 tempore
1213 1409 1367 1484 apud
1395 1409 1636 1465 Zamam
1662 1426 1876 1483 magna
1899 1408 1962 1464 vi
1989 1427 2107 1465 cer-

334 1503 585 1563 tabatur.
672 1503 797 1560 Ubi
835 1504 1080 1582 quisque
1118 1503 1359 1580 legatus,
1389 1511 1495 1562 aut
1532 1504 1806 1561 tribunus
1845 1504 2105 1574 curabat,

334 1616 402 1654 eo
437 1597 711 1668 acerrime
738 1600 898 1671 vniti3
938 1619 1125 1675 neque
1166 1601 1315 1657 alius
1349 1601 1417 1657 in
1454 1600 1570 1656 alio
1605 1600 1804 1674 magis,
1833 1618 2013 1675 quam
2040 1600 2105 1656 in

333 1710 472 1765 sese,
499 1712 660 1769 spem
686 1694 933 1753 habere:
974 1694 1309 1772 pariterque
1336 1695 1609 1772 oppidani
1636 1713 1844 1771 agere;
1887 1714 2107 1771 oppug-

221 1791 248 1803 ‘
284 1856 298 1866 ἱ
331 1805 485 1859 nare,
521 1795 627 1846 aut
662 1808 865 1864 parare
894 1791 1163 1876 omnibus
1196 1791 1373 1848 locis:
1414 1790 1643 1847 avidius
1681 1791 1854 1847 alteri
1890 1792 2107 1849 alteros

235 1949 244 1968 ⁸
330 1884 600 1955 sauciare,
645 1903 822 1960 quam
858 1869 1043 1966 semet
1068 1893 1305 1961 tegere·
1347 1886 1563 1944 clamor
1601 1887 1930 1962 permixtus
1971 1887 2105 1944 hor-

328 1982 568 2051 tatione,
617 1981 840 2052 laetitia,
897 1984 1136 2058 gemitu,
1188 1984 1333 2040 item
1373 1982 1650 2058 strepitus
1689 2002 1989 2040 armorum
2025 1985 2104 2042 ad

329 2076 535 2132 coelum
562 2077 699 2133 ferri
723 2098 736 2134 :
779 2078 899 2135 tela
925 2079 1221 2154 utrimque
1246 2078 1457 2135 volare.
1543 2077 1658 2134 Sed
1685 2078 1791 2148 illi,
1834 2078 1941 2154 qui
1969 2098 2103 2137 moe-

327 2171 427 2227 nia
466 2171 857 2243 defensabant,
912 2174 1013 2229 ubi
1054 2173 1248 2230 hostes
1285 2173 1590 2249 paululum
1632 2174 1801 2230 modo
1839 2194 2104 2250 pugnam

326 2267 683 2334 iemiserant,
739 2269 956 2350 intenti
1001 2270 1269 2345 praelium
1310 2275 1575 2345 equestre
1613 2272 2100 2345 prospectabant.

325 2381 437 2433 eos,
466 2362 560 2418 uti
587 2382 829 2439 quaeque
845 2364 888 2421 J
889 2365 1158 2441 ugurthae
1184 2385 1278 2422 res
1304 2371 1487 2436 erant,
1516 2366 1679 2422 laetos
1705 2366 1893 2436 modo,
1923 2367 2100 2422 modo

324 2460 579 2535 pavidos,
623 2460 1149 2545 animadverteres,
1191 2482 1274 2533 ac,
1313 2464 1486 2520 sicuti
1525 2462 1718 2520 audiri
1757 2482 1793 2519 a
1819 2464 1960 2533 suis,
1991 2470 2100 2519 aut

270 2541 281 2568 “
324 2554 481 2610 cerni
519 2563 766 2629 possent,
805 2576 1040 2616 monere
1079 2558 1198 2629 alii,
1237 2558 1340 2615 alii
1378 2558 1618 2630 hortari,
1646 2567 1750 2616 aut
1777 2578 1959 2615 manu
1987 2561 2100 2635 sig-

263 2649 274 2674 '
322 2652 571 2722 nificare,
628 2659 733 2710 aut
782 2655 898 2711 niti
937 2656 1287 2731 corporibus,
1346 2664 1407 2714 et
1446 2675 1513 2713 ea
1554 2656 1685 2727 huc,
1727 2656 1882 2726 illuc,
1926 2657 2098 2732 quasi

320 2748 644 2820 vitabundi,
674 2758 779 2807 aut
797 2750 1081 2825 jacientes
1109 2751 1240 2822 tela,
1271 2752 1506 2826 agitare.
1579 2752 1749 2821 Quod
1769 2753 1873 2808 ubi
1899 2752 2099 2809 Mario

321 2846 619 2920 cognitum
649 2853 754 2918 est,
808 2845 966 2926 (nam
997 2848 1049 2905 is
1084 2848 1150 2904 in
1190 2867 1258 2905 ea
1297 2855 1463 2923 parte
1501 2846 1783 2924 curabat‚)
1815 2849 2100 2906 consulto

320 2940 509 2998 lenius
534 2961 719 3018 agere,
748 2962 815 3009 ac
841 2943 1224 3002 diffidentiam
1248 2946 1335 3002 rei
1369 2945 1642 3002 simulare
1668 2966 1680 3003 ε
1722 2946 1848 3021 pati
1878 2945 2097 3004 Numi·

319 3035 422 3092 das
449 3038 572 3095 sine
599 3040 860 3096 tumultu
885 3041 1035 3116 regis
1059 3042 1325 3117 praelium
1351 3042 1550 3098 visere.
1624 3040 1723 3098 Ita
1746 3041 1868 3099 illis
1894 3043 2097 3100 studio

235 3127 238 3132 ’
319 3153 554 3190 suorum
572 3135 881 3208 adstrictiS,
896 3144 1136 3214 repente
1153 3158 1365 3216 magna
1383 3139 1447 3195 vi
1466 3158 1699 3195 murum
1717 3138 2093 3213 adgreditur:

321 3232 380 3282 et
404 3229 528 3302 jam
561 3230 729 3286 scalis
760 3234 1010 3307 aggressi
1046 3234 1263 3291 milites
1308 3252 1487 3309 prope
1530 3252 1756 3291 summa
1795 3240 2092 3311 ceperant,

321 3339 451 3377 cum
477 3324 752 3398 oppidani
780 3335 1145 3400 concurrunt,
1178 3330 1411 3406 lapideS,
1434 3330 1645 3405 ignem,
1665 3330 1782 3388 alia
1806 3337 2096 3406 praeterea

2155 37 2163 48 ⁴
2243 0 2254 471 Ψ
