2292 3692
596 211 1045 273 SALLUSTII
1080 213 1566 274 JUGURTHA.
1895 214 1974 271 33

196 366 376 423 sitare
395 363 787 441 supplicantes
813 366 1034 441 legatos
1057 386 1071 424 ε
1108 367 1247 442 ipse,
1277 367 1444 442 quasi
1468 366 1843 438 vitabundus,
1872 384 1976 442 per

196 463 454 520 saltuosa
478 463 603 519 loca
627 468 690 518 et
720 463 982 519 tramites
1014 465 1336 520 exercitum
1362 463 1618 522 ductare.
1702 462 1995 539 Denique·

196 558 429 615 Aulum
466 577 566 633 spe
599 559 886 633 pactionis
913 558 1186 634 perpulit,
1223 559 1328 629 uti,
1365 558 1573 616 relicto
1612 558 1878 631 Suthule,
1907 558 1973 614 in

197 655 430 711 abditas
467 655 727 729 regiones
768 672 905 724 sese,
950 654 1137 711 veluti
1180 654 1496 726 cedentem,
1538 653 1975 729 insequeretur3

197 751 284 807 ita
311 750 523 807 delicta
550 750 864 807 occultiora
888 751 1023 809 fore.
1109 750 1347 807 Interea
1377 768 1483 825 per
1516 750 1778 808 homines
1816 749 1973 807 calli-

196 846 302 903 dos
355 845 451 901 die
507 850 802 920 noctuque
861 845 1184 903 exercitum
1243 845 1547 903 tentabat:
1607 845 1973 903 centuriones

197 942 487 1017 ducesque
514 948 855 1015 turmarum,
886 944 1101 1019 partim
1132 945 1221 1001 uti
1260 944 1692 1020 transfugerent
1719 962 1970 1000 cerrum„

196 1058 336 1113 pere
347 1058 367 1110 ;
409 1038 525 1110 alii,
544 1038 708 1113 signo
729 1038 882 1121 dato,
906 1038 1098 1097 locum
1112 1040 1206 1097 uti
1226 1040 1568 1100 desererent.
1647 1037 1792 1107 Quae
1818 1047 1972 1115 post-

197 1153 377 1210 quam
417 1154 491 1191 ex
530 1136 820 1192 sententia.
856 1136 1116 1206 instruit,
1145 1135 1497 1211 intempesta
1526 1139 1712 1205 nocte,
1755 1135 1829 1191 de
1862 1133 1970 1190 im-

197 1231 429 1305 proviso
470 1231 849 1288 multitudine
889 1230 1284 1289 Numidarum
1321 1230 1472 1288 Auli
1506 1234 1693 1287 castra
1728 1229 1969 1286 circum-

198 1326 379 1382 venit.
464 1324 690 1383 Milites
749 1326 1019 1397 Romani,
1080 1327 1345 1383 tumultu
1401 1325 1651 1401 perculsi
1713 1324 1964 1395 insolito,

197 1438 362 1474 arma.
401 1437 601 1493 capere
640 1419 757 1490 alii,
800 1420 903 1477 alii
945 1439 1006 1477 se
1047 1421 1272 1493 abdere,
1319 1440 1452 1497 pars
1491 1420 1726 1477 territos
1766 1419 1967 1476 confir-

199 1535 359 1573 mare
371 1535 389 1587 ;
432 1517 721 1592 trepidare
768 1519 1036 1575 omnibus
1081 1519 1261 1578 locis:
1301 1518 1392 1576 vis
1430 1537 1642 1595 magna
1680 1517 1967 1589 hostium3

199 1613 410 1669 coelum
454 1621 625 1670 nocte
670 1619 848 1689 atque
898 1615 1154 1672 nubibus
1201 1616 1571 1672 obscuratum
1583 1634 1602 1687 3
1649 1614 1969 1690 periculum
2014 1672 2016 1675 ,

199 1727 447 1783 anceps3
486 1714 775 1785 postremo
814 1710 1028 1787 fugere,
1067 1730 1145 1767 an
1185 1729 1433 1782 manere,
1472 1712 1663 1766 tutius
1701 1710 1867 1781 foret,
1906 1710 1968 1765 in

200 1807 423 1863 incerto
474 1811 614 1863 erat.
700 1807 815 1864 Sed
860 1827 935 1865 ex
977 1827 1048 1865 eo
1092 1827 1352 1879 numero,
1401 1825 1546 1883 quos
1590 1806 1786 1883 paullo
1832 1811 1969 1863 ante

200 1910 502 1979 corruptos
541 1904 812 1975 diximus,
852 1904 1055 1962 cohors
1088 1924 1210 1961 una
1241 1905 1542 1979 Ligurum,
1579 1923 1712 1960 cum
1748 1903 1970 1959 duabus

198 2002 411 2056 turmis
450 2000 753 2071 Thracum,
796 2007 856 2057 et
894 2002 1095 2077 paucis
1126 2001 1403 2077 gregariis
1442 2000 1741 2073 militibus,
1789 2004 1970 2055 trans-

199 2096 321 2152 iere
355 2096 431 2153 ad
471 2115 662 2172 regem
687 2117 701 2155 t
743 2102 802 2154 et
838 2097 1097 2154 centurio
1131 2097 1308 2173 primi
1343 2098 1448 2173 pili
1480 2097 1668 2155 tertiae
1708 2094 1965 2171 legionis,

198 2211 303 2269 per
363 2193 768 2266 munitionem,
832 2213 1023 2269 quam,
1092 2194 1186 2251 uti
1252 2194 1599 2268 defenderet,
1656 2197 1966 2270 acceperat,

200 2292 393 2349 locum
465 2291 729 2350 hostibus
793 2291 1128 2349 introeundi
1186 2293 1386 2353 dedit:
1455 2314 1635 2371 eaque
1694 2295 1795 2352 Nu
1803 2294 1968 2351 midae

202 2389 401 2446 cuncti
438 2389 713 2463 irrupere.
798 2390 1006 2447 Nostri
1043 2391 1196 2448 foeda
1234 2393 1387 2467 fuga,
1429 2393 1688 2468 plerique
1731 2392 1970 2467 abjectis

200 2484 394 2555 armis,
425 2486 756 2559 proximum
783 2485 987 2542 collem
1015 2506 1149 2543 occu
1157 2506 1379 2562 pavere.
1464 2486 1606 2543 Nox
1631 2492 1806 2562 atque
1831 2505 1970 2561 prae-

202 2579 279 2636 da
323 2586 645 2637 castrorum
690 2580 898 2651 hostes,
948 2600 1064 2657 quo
1109 2582 1306 2638 minus
1351 2582 1598 2640 victoria
1649 2586 1967 2649 uterentur,

202 2682 492 2733 remorata
526 2683 679 2734 sunt.
762 2676 922 2734 Dein
947 2677 992 2734 J
992 2678 1252 2752 ugurtha
1275 2683 1504 2754 postero
1531 2678 1625 2734 die
1652 2696 1784 2734 cum
1810 2675 1970 2732 Aulo

203 2773 268 2829 in
295 2773 581 2849 colloquio
600 2774 778 2830 verba
802 2774 943 2831 facit
967 2794 980 2831 τ
1021 2779 1058 2807 “
1072 2776 1309 2831 tametsi
1334 2775 1524 2851 ipsum
1551 2793 1684 2831 cum
1712 2772 1971 2831 exercitu

202 2869 372 2940 fame,
415 2869 567 2926 ferro
607 2870 862 2926 clausum
896 2875 1074 2941 tenet,
1119 2875 1315 2927 tamen
1356 2889 1432 2941 se,
1468 2870 1856 2926 humanarum
1889 2886 1972 2924 re-

202 2983 338 3021 rum
389 2982 718 3036 memorem,
775 2965 826 3021 si
849 3031 861 3050 ἦ
885 2983 1078 3022 secum
1130 2966 1316 3023 foedus
1374 2967 1601 3036 faceret,
1657 2964 1972 3021 incolumes

203 3079 403 3118 omnes
455 3062 563 3118 sub
594 3125 603 3135 ,
607 3062 820 3137 jugum
872 3063 1221 3119 missurum:
1276 3068 1570 3138 praeterea,
1623 3060 1717 3116 uti
1770 3057 1976 3125 diebuts·

202 3157 402 3214 decem
442 3156 504 3212 N
506 3157 726 3214 umidis
765 3156 1114 3216 decederet?
1196 3145 1340 3226 Qu‘ae
1379 3173 1730 3232 quamquam
1775 3151 1972 3229 gravis

202 3260 267 3312 et
290 3253 501 3328 flagitii
531 3253 704 3329 plena
731 3260 912 3326 erant,
944 3260 1158 3326 tamen,
1188 3253 1328 3330 quia
1359 3253 1562 3310 mortis
1595 3255 1759 3309 metu
1789 3254 1972 3307 muta?

204 3354 366 3423 bant,
397 3353 567 3409 sicuti
595 3353 718 3430 regi
745 3353 1011 3425 libuerat,
1042 3371 1159 3429 pax
1187 3351 1475 3411 convenit.

364 3481 493 3524 aue.
997 3540 1002 3546 ,
1778 3457 1819 3517 3
