<?xml version="1.0" encoding="UTF-8"?>
<!DOCTYPE html PUBLIC "-//W3C//DTD XHTML 1.0 Transitional//EN"
    "http://www.w3.org/TR/xhtml1/DTD/xhtml1-transitional.dtd">
<html xmlns="http://www.w3.org/1999/xhtml" xml:lang="en" lang="en">
 <head>
  <title>
</title>
<meta http-equiv="Content-Type" content="text/html;charset=utf-8" />
  <meta name='ocr-system' content='tesseract 3.04.00' />
  <meta name='ocr-capabilities' content='ocr_page ocr_carea ocr_par ocr_line ocrx_word'/>
</head>
<body>
  <div class='ocr_page' id='page_1' title='image "./caiisallustiicr01merigoog_0201.png"; bbox 0 0 2292 3692; ppageno 0'>
   <div class='ocr_carea' id='block_1_1' title="bbox 630 220 2008 284">
    <p class='ocr_par' dir='ltr' id='par_1_1' title="bbox 630 220 2008 284">
     <span class='ocr_line' id='line_1_1' title="bbox 630 220 2008 284; baseline 0.003 -4"><span class='ocrx_word' id='word_1_1' title='bbox 630 220 830 280; x_wconf 77' lang='lat' dir='ltr'><em>SALL</em></span> <span class='ocrx_word' id='word_1_2' title='bbox 843 222 1072 281; x_wconf 79' lang='lat' dir='ltr'><em>USTII</em></span> <span class='ocrx_word' id='word_1_3' title='bbox 1119 223 1285 280; x_wconf 75' lang='lat' dir='ltr'>JUG</span> <span class='ocrx_word' id='word_1_4' title='bbox 1298 223 1613 283; x_wconf 75' lang='lat' dir='ltr'><em>URTHA..</em></span> <span class='ocrx_word' id='word_1_5' title='bbox 1932 226 2008 284; x_wconf 71' lang='lat'>39</span> 
     </span>
    </p>
   </div>
   <div class='ocr_carea' id='block_1_2' title="bbox 154 373 2074 3432">
    <p class='ocr_par' dir='ltr' id='par_1_2' title="bbox 225 373 2013 527">
     <span class='ocr_line' id='line_1_2' title="bbox 225 373 2013 450; baseline 0.001 -18"><span class='ocrx_word' id='word_1_6' title='bbox 225 374 335 432; x_wconf 58' lang='lat'>112</span> <span class='ocrx_word' id='word_1_7' title='bbox 366 374 725 450; x_wconf 85' lang='lat' dir='ltr'>prohibendo</span> <span class='ocrx_word' id='word_1_8' title='bbox 750 394 787 431; x_wconf 84' lang='lat' dir='ltr'>a</span> <span class='ocrx_word' id='word_1_9' title='bbox 813 374 1056 446; x_wconf 81' lang='lat' dir='ltr'>delictis,</span> <span class='ocrx_word' id='word_1_10' title='bbox 1083 373 1286 450; x_wconf 85' lang='lat' dir='ltr'>magis,</span> <span class='ocrx_word' id='word_1_11' title='bbox 1313 381 1491 450; x_wconf 83' lang='lat' dir='ltr'>quam</span> <span class='ocrx_word' id='word_1_12' title='bbox 1517 374 1885 449; x_wconf 76' lang='lat' dir='ltr'>vindicandO,</span> <span class='ocrx_word' id='word_1_13' title='bbox 1910 394 2013 434; x_wconf 75' lang='lat' dir='ltr'>ex</span> 
     </span>
     <span class='ocr_line' id='line_1_3' title="bbox 228 469 1077 528; baseline 0 -1"><span class='ocrx_word' id='word_1_14' title='bbox 228 469 479 527; x_wconf 75' lang='lat' dir='ltr'><strong>ercitum</strong></span> <span class='ocrx_word' id='word_1_15' title='bbox 507 470 670 527; x_wconf 85' lang='lat' dir='ltr'>brevi</span> <span class='ocrx_word' id='word_1_16' title='bbox 695 470 1077 528; x_wconf 80' lang='lat' dir='ltr'>confirmavit.</span> 
     </span>
    </p>

    <p class='ocr_par' dir='ltr' id='par_1_3' title="bbox 154 565 2074 3432">
     <span class='ocr_line' id='line_1_4' title="bbox 350 565 2010 643; baseline 0.002 -20"><span class='ocrx_word' id='word_1_17' title='bbox 350 565 584 626; x_wconf 86' lang='lat' dir='ltr'>XLVI.</span> <span class='ocrx_word' id='word_1_18' title='bbox 669 567 907 624; x_wconf 82' lang='lat' dir='ltr'>Interea</span> <span class='ocrx_word' id='word_1_19' title='bbox 970 566 1015 624; x_wconf 81' lang='lat' dir='ltr'>J</span> <span class='ocrx_word' id='word_1_20' title='bbox 1019 566 1291 643; x_wconf 83' lang='lat' dir='ltr'>ugurtha</span> <span class='ocrx_word' id='word_1_21' title='bbox 1356 566 1478 638; x_wconf 90' lang='lat' dir='ltr'>ubi,</span> <span class='ocrx_word' id='word_1_22' title='bbox 1532 575 1662 643; x_wconf 71' lang='lat' dir='ltr'>quae</span> <span class='ocrx_word' id='word_1_23' title='bbox 1730 567 2010 626; x_wconf 81' lang='lat' dir='ltr'>Metellus</span> 
     </span>
     <span class='ocr_line' id='line_1_5' title="bbox 226 662 2009 739; baseline 0.001 -20"><span class='ocrx_word' id='word_1_24' title='bbox 226 662 453 738; x_wconf 79' lang='lat' dir='ltr'>agebat,</span> <span class='ocrx_word' id='word_1_25' title='bbox 496 682 571 719; x_wconf 81' lang='lat' dir='ltr'>ex</span> <span class='ocrx_word' id='word_1_26' title='bbox 610 663 840 719; x_wconf 87' lang='lat' dir='ltr'>nunciis</span> <span class='ocrx_word' id='word_1_27' title='bbox 880 663 1138 738; x_wconf 81' lang='lat' dir='ltr'>accepit3</span> <span class='ocrx_word' id='word_1_28' title='bbox 1184 663 1358 719; x_wconf 91' lang='lat' dir='ltr'>simul</span> <span class='ocrx_word' id='word_1_29' title='bbox 1400 664 1472 723; x_wconf 92' lang='lat' dir='ltr'>de</span> <span class='ocrx_word' id='word_1_30' title='bbox 1510 664 1846 723; x_wconf 86' lang='lat' dir='ltr'>innocentia.</span> <span class='ocrx_word' id='word_1_31' title='bbox 1885 664 2009 739; x_wconf 78' lang='lat' dir='ltr'>ejus</span> 
     </span>
     <span class='ocr_line' id='line_1_6' title="bbox 227 757 2008 830; baseline 0 -15"><span class='ocrx_word' id='word_1_32' title='bbox 227 759 443 815; x_wconf 75' lang='lat' dir='ltr'>certior</span> <span class='ocrx_word' id='word_1_33' title='bbox 482 758 683 815; x_wconf 83' lang='lat' dir='ltr'>Romae</span> <span class='ocrx_word' id='word_1_34' title='bbox 722 760 932 830; x_wconf 68' lang='lat' dir='ltr'>factae,</span> <span class='ocrx_word' id='word_1_35' title='bbox 957 758 1219 815; x_wconf 81' lang='lat' dir='ltr'>diffidere</span> <span class='ocrx_word' id='word_1_36' title='bbox 1257 758 1377 814; x_wconf 87' lang='lat' dir='ltr'>suis</span> <span class='ocrx_word' id='word_1_37' title='bbox 1419 757 1603 829; x_wconf 87' lang='lat' dir='ltr'>rebus,</span> <span class='ocrx_word' id='word_1_38' title='bbox 1635 777 1703 815; x_wconf 90' lang='lat' dir='ltr'>ac</span> <span class='ocrx_word' id='word_1_39' title='bbox 1742 764 1873 815; x_wconf 84' lang='lat' dir='ltr'>tum</span> <span class='ocrx_word' id='word_1_40' title='bbox 1913 758 2008 815; x_wconf 87' lang='lat' dir='ltr'>de-</span> 
     </span>
     <span class='ocr_line' id='line_1_7' title="bbox 224 853 2013 931; baseline 0 -20"><span class='ocrx_word' id='word_1_41' title='bbox 224 873 393 911; x_wconf 88' lang='lat' dir='ltr'>mum</span> <span class='ocrx_word' id='word_1_42' title='bbox 437 873 635 911; x_wconf 77' lang='lat' dir='ltr'>veram</span> <span class='ocrx_word' id='word_1_43' title='bbox 682 854 1039 911; x_wconf 88' lang='lat' dir='ltr'>deditionem</span> <span class='ocrx_word' id='word_1_44' title='bbox 1091 854 1278 911; x_wconf 83' lang='lat' dir='ltr'>facere</span> <span class='ocrx_word' id='word_1_45' title='bbox 1333 860 1575 912; x_wconf 86' lang='lat' dir='ltr'>conatus</span> <span class='ocrx_word' id='word_1_46' title='bbox 1621 860 1724 912; x_wconf 86' lang='lat' dir='ltr'>est.</span> <span class='ocrx_word' id='word_1_47' title='bbox 1809 853 2013 931; x_wconf 82' lang='lat' dir='ltr'>Igitur</span> 
     </span>
     <span class='ocr_line' id='line_1_8' title="bbox 224 949 2009 1026; baseline -0.001 -19"><span class='ocrx_word' id='word_1_48' title='bbox 224 951 448 1026; x_wconf 85' lang='lat' dir='ltr'>legatos</span> <span class='ocrx_word' id='word_1_49' title='bbox 477 951 550 1007; x_wconf 87' lang='lat' dir='ltr'>ad</span> <span class='ocrx_word' id='word_1_50' title='bbox 586 951 881 1007; x_wconf 85' lang='lat' dir='ltr'>consulem</span> <span class='ocrx_word' id='word_1_51' title='bbox 908 969 1040 1007; x_wconf 80' lang='lat' dir='ltr'>cum</span> <span class='ocrx_word' id='word_1_52' title='bbox 1068 949 1366 1025; x_wconf 69' lang='lat' dir='ltr'>suppliciis</span> <span class='ocrx_word' id='word_1_53' title='bbox 1390 950 1598 1022; x_wconf 86' lang='lat' dir='ltr'>mittit,</span> <span class='ocrx_word' id='word_1_54' title='bbox 1626 950 1730 1024; x_wconf 88' lang='lat' dir='ltr'>qui</span> <span class='ocrx_word' id='word_1_55' title='bbox 1755 955 2009 1006; x_wconf 81' lang='lat' dir='ltr'>tantum-</span> 
     </span>
     <span class='ocr_line' id='line_1_9' title="bbox 224 1031 2010 1122; baseline 0 -19"><span class='ocrx_word' id='word_1_56' title='bbox 224 1047 402 1103; x_wconf 88' lang='lat' dir='ltr'>modo</span> <span class='ocrx_word' id='word_1_57' title='bbox 442 1045 556 1122; x_wconf 88' lang='lat' dir='ltr'>ipsi</span> <span class='ocrx_word' id='word_1_58' title='bbox 593 1045 904 1121; x_wconf 86' lang='lat' dir='ltr'>liberisque</span> <span class='ocrx_word' id='word_1_59' title='bbox 935 1047 1121 1103; x_wconf 84' lang='lat' dir='ltr'>vitam</span> <span class='ocrx_word' id='word_1_60' title='bbox 1160 1052 1441 1121; x_wconf 86' lang='lat' dir='ltr'>peterent,</span> <span class='ocrx_word' id='word_1_61' title='bbox 1471 1047 1587 1102; x_wconf 85' lang='lat' dir='ltr'>alia.</span> <span class='ocrx_word' id='word_1_62' title='bbox 1621 1049 1816 1103; x_wconf 86' lang='lat' dir='ltr'>omnia</span> <span class='ocrx_word' id='word_1_63' title='bbox 1844 1031 2010 1103; x_wconf 57' lang='lat' dir='ltr'>dede-s</span> 
     </span>
     <span class='ocr_line' id='line_1_10' title="bbox 223 1142 2010 1218; baseline -0.001 -17"><span class='ocrx_word' id='word_1_64' title='bbox 223 1148 366 1201; x_wconf 83' lang='lat' dir='ltr'>rent</span> <span class='ocrx_word' id='word_1_65' title='bbox 403 1142 616 1218; x_wconf 82' lang='lat' dir='ltr'>populo</span> <span class='ocrx_word' id='word_1_66' title='bbox 656 1142 939 1200; x_wconf 77' lang='lat' dir='ltr'>Romano·</span> <span class='ocrx_word' id='word_1_67' title='bbox 1023 1142 1140 1199; x_wconf 78' lang='lat' dir='ltr'>Sed</span> <span class='ocrx_word' id='word_1_68' title='bbox 1180 1142 1428 1199; x_wconf 83' lang='lat' dir='ltr'>Metello</span> <span class='ocrx_word' id='word_1_69' title='bbox 1461 1143 1588 1217; x_wconf 78' lang='lat' dir='ltr'>jam</span> <span class='ocrx_word' id='word_1_70' title='bbox 1628 1148 1800 1200; x_wconf 79' lang='lat' dir='ltr'>antea</span> <span class='ocrx_word' id='word_1_71' title='bbox 1838 1162 2010 1218; x_wconf 87' lang='lat' dir='ltr'>expe·</span> 
     </span>
     <span class='ocr_line' id='line_1_11' title="bbox 224 1240 2074 1315; baseline 0.001 -17"><span class='ocrx_word' id='word_1_72' title='bbox 224 1241 495 1298; x_wconf 88' lang='lat' dir='ltr'>rimentis</span> <span class='ocrx_word' id='word_1_73' title='bbox 540 1240 837 1315; x_wconf 80' lang='lat' dir='ltr'>cognitum</span> <span class='ocrx_word' id='word_1_74' title='bbox 890 1246 1019 1299; x_wconf 87' lang='lat' dir='ltr'>erat</span> <span class='ocrx_word' id='word_1_75' title='bbox 1070 1259 1258 1315; x_wconf 87' lang='lat' dir='ltr'>genus</span> <span class='ocrx_word' id='word_1_76' title='bbox 1302 1240 1695 1299; x_wconf 80' lang='lat' dir='ltr'><strong>Numidarum</strong></span> <span class='ocrx_word' id='word_1_77' title='bbox 1740 1241 2002 1312; x_wconf 83' lang='lat' dir='ltr'>infidum,</span> <span class='ocrx_word' id='word_1_78' title='bbox 2068 1261 2074 1272; x_wconf 66' lang='grc'><strong>“</strong></span> 
     </span>
     <span class='ocr_line' id='line_1_12' title="bbox 225 1323 2025 1419; baseline 0.001 -26"><span class='ocrx_word' id='word_1_79' title='bbox 225 1335 465 1411; x_wconf 85' lang='lat' dir='ltr'>ingenio</span> <span class='ocrx_word' id='word_1_80' title='bbox 504 1334 722 1406; x_wconf 86' lang='lat' dir='ltr'><strong>mobili,</strong></span> <span class='ocrx_word' id='word_1_81' title='bbox 752 1354 1038 1392; x_wconf 84' lang='lat' dir='ltr'>novarum</span> <span class='ocrx_word' id='word_1_82' title='bbox 1077 1356 1273 1394; x_wconf 88' lang='lat' dir='ltr'>rerum</span> <span class='ocrx_word' id='word_1_83' title='bbox 1305 1339 1543 1396; x_wconf 85' lang='lat' dir='ltr'>avidum</span> <span class='ocrx_word' id='word_1_84' title='bbox 1570 1356 1712 1397; x_wconf 49' lang='lat' dir='ltr'>esse,</span> <span class='ocrx_word' id='word_1_85' title='bbox 1762 1323 1766 1328; x_wconf 39' lang='lat'><em>¹</em></span> <span class='ocrx_word' id='word_1_86' title='bbox 1794 1338 2025 1419; x_wconf 24' lang='lat' dir='ltr'>Itaque.</span> 
     </span>
     <span class='ocr_line' id='line_1_13' title="bbox 223 1429 2009 1510; baseline 0 -22"><span class='ocrx_word' id='word_1_87' title='bbox 223 1432 448 1507; x_wconf 84' lang='lat' dir='ltr'>legatos</span> <span class='ocrx_word' id='word_1_88' title='bbox 485 1429 669 1488; x_wconf 89' lang='lat' dir='ltr'>alium</span> <span class='ocrx_word' id='word_1_89' title='bbox 708 1431 786 1487; x_wconf 85' lang='lat' dir='ltr'>ab</span> <span class='ocrx_word' id='word_1_90' title='bbox 822 1431 940 1488; x_wconf 88' lang='lat' dir='ltr'>alio</span> <span class='ocrx_word' id='word_1_91' title='bbox 978 1431 1239 1490; x_wconf 83' lang='lat' dir='ltr'>diversos</span> <span class='ocrx_word' id='word_1_92' title='bbox 1291 1434 1669 1509; x_wconf 81' lang='lat' dir='ltr'>adgreditur3</span> <span class='ocrx_word' id='word_1_93' title='bbox 1722 1454 1805 1505; x_wconf 80' lang='lat' dir='ltr'>ac,</span> <span class='ocrx_word' id='word_1_94' title='bbox 1850 1435 2009 1510; x_wconf 78' lang='lat' dir='ltr'>panl-.</span> 
     </span>
     <span class='ocr_line' id='line_1_14' title="bbox 221 1523 2010 1605; baseline 0.002 -21"><span class='ocrx_word' id='word_1_95' title='bbox 221 1523 398 1585; x_wconf 84' lang='lat' dir='ltr'>latim</span> <span class='ocrx_word' id='word_1_96' title='bbox 436 1527 734 1597; x_wconf 86' lang='lat' dir='ltr'>tentand0‚</span> <span class='ocrx_word' id='word_1_97' title='bbox 763 1534 1071 1604; x_wconf 85' lang='lat' dir='ltr'>postquam</span> <span class='ocrx_word' id='word_1_98' title='bbox 1106 1535 1464 1603; x_wconf 86' lang='lat' dir='ltr'>opportunos</span> <span class='ocrx_word' id='word_1_99' title='bbox 1500 1530 1803 1605; x_wconf 77' lang='lat' dir='ltr'>cognovit,</span> <span class='ocrx_word' id='word_1_100' title='bbox 1821 1532 2010 1589; x_wconf 85' lang='lat' dir='ltr'>multa.</span> 
     </span>
     <span class='ocr_line' id='line_1_15' title="bbox 225 1623 2008 1702; baseline 0.001 -21"><span class='ocrx_word' id='word_1_101' title='bbox 225 1623 568 1702; x_wconf 88' lang='lat' dir='ltr'>pollicend0‚</span> <span class='ocrx_word' id='word_1_102' title='bbox 597 1624 921 1698; x_wconf 73' lang='lat' dir='ltr'>persuadet,</span> <span class='ocrx_word' id='word_1_103' title='bbox 957 1625 1091 1681; x_wconf 90' lang='lat' dir='ltr'>“uti</span> <span class='ocrx_word' id='word_1_104' title='bbox 1115 1624 1494 1699; x_wconf 74' lang='lat' dir='ltr'>Jugurtham,</span> <span class='ocrx_word' id='word_1_105' title='bbox 1516 1626 1769 1682; x_wconf 82' lang='lat' dir='ltr'>maxime</span> <span class='ocrx_word' id='word_1_106' title='bbox 1788 1626 2008 1696; x_wconf 83' lang='lat' dir='ltr'>vivum,</span> 
     </span>
     <span class='ocr_line' id='line_1_16' title="bbox 226 1720 2007 1796; baseline 0.001 -18"><span class='ocrx_word' id='word_1_107' title='bbox 226 1723 323 1778; x_wconf 89' lang='lat' dir='ltr'>sin</span> <span class='ocrx_word' id='word_1_108' title='bbox 361 1720 424 1777; x_wconf 89' lang='lat' dir='ltr'>id</span> <span class='ocrx_word' id='word_1_109' title='bbox 461 1740 668 1796; x_wconf 87' lang='lat' dir='ltr'>parum</span> <span class='ocrx_word' id='word_1_110' title='bbox 708 1720 994 1795; x_wconf 84' lang='lat' dir='ltr'>procedat,</span> <span class='ocrx_word' id='word_1_111' title='bbox 1036 1730 1329 1787; x_wconf 81' lang='lat' dir='ltr'>necatum,</span> <span class='ocrx_word' id='word_1_112' title='bbox 1361 1720 1477 1777; x_wconf 83' lang='lat' dir='ltr'>sibi</span> <span class='ocrx_word' id='word_1_113' title='bbox 1515 1721 1812 1778; x_wconf 75' lang='lat' dir='ltr'>traderent</span> <span class='ocrx_word' id='word_1_114' title='bbox 1834 1720 1878 1777; x_wconf 90' lang='lat'>:”</span> <span class='ocrx_word' id='word_1_115' title='bbox 1920 1740 2007 1779; x_wconf 79' lang='lat' dir='ltr'>ce-</span> 
     </span>
     <span class='ocr_line' id='line_1_17' title="bbox 230 1815 2008 1891; baseline -0.001 -16"><span class='ocrx_word' id='word_1_116' title='bbox 230 1824 424 1875; x_wconf 87' lang='lat' dir='ltr'>terum</span> <span class='ocrx_word' id='word_1_117' title='bbox 465 1815 672 1891; x_wconf 83' lang='lat' dir='ltr'>palam,</span> <span class='ocrx_word' id='word_1_118' title='bbox 700 1835 829 1891; x_wconf 80' lang='lat' dir='ltr'>quae</span> <span class='ocrx_word' id='word_1_119' title='bbox 868 1836 945 1873; x_wconf 85' lang='lat' dir='ltr'>ex</span> <span class='ocrx_word' id='word_1_120' title='bbox 983 1816 1291 1872; x_wconf 84' lang='lat' dir='ltr'>voluntate</span> <span class='ocrx_word' id='word_1_121' title='bbox 1329 1816 1534 1886; x_wconf 82' lang='lat' dir='ltr'>forent,</span> <span class='ocrx_word' id='word_1_122' title='bbox 1578 1817 1698 1891; x_wconf 79' lang='lat' dir='ltr'>regi</span> <span class='ocrx_word' id='word_1_123' title='bbox 1739 1817 2008 1875; x_wconf 74' lang='lat' dir='ltr'>nunciati</span> 
     </span>
     <span class='ocr_line' id='line_1_18' title="bbox 217 1910 2008 1989; baseline 0.001 -20"><span class='ocrx_word' id='word_1_124' title='bbox 217 1912 411 1989; x_wconf 83' lang='lat' dir='ltr'>jubet.</span> <span class='ocrx_word' id='word_1_125' title='bbox 498 1910 727 1968; x_wconf 81' lang='lat' dir='ltr'>Deinde</span> <span class='ocrx_word' id='word_1_126' title='bbox 775 1912 897 1987; x_wconf 85' lang='lat' dir='ltr'>ipse</span> <span class='ocrx_word' id='word_1_127' title='bbox 937 1913 1136 1986; x_wconf 84' lang='lat' dir='ltr'>paucis</span> <span class='ocrx_word' id='word_1_128' title='bbox 1177 1912 1393 1982; x_wconf 87' lang='lat' dir='ltr'>diebus,</span> <span class='ocrx_word' id='word_1_129' title='bbox 1437 1912 1671 1969; x_wconf 79' lang='lat' dir='ltr'>intento</span> <span class='ocrx_word' id='word_1_130' title='bbox 1709 1918 1883 1988; x_wconf 76' lang='lat' dir='ltr'>atque</span> <span class='ocrx_word' id='word_1_131' title='bbox 1923 1914 2008 1970; x_wconf 76' lang='lat' dir='ltr'>in-</span> 
     </span>
     <span class='ocr_line' id='line_1_19' title="bbox 226 2007 2010 2083; baseline -0.001 -17"><span class='ocrx_word' id='word_1_132' title='bbox 226 2011 378 2067; x_wconf 87' lang='lat' dir='ltr'>festo</span> <span class='ocrx_word' id='word_1_133' title='bbox 430 2008 706 2078; x_wconf 79' lang='lat' dir='ltr'>exercitu,</span> <span class='ocrx_word' id='word_1_134' title='bbox 763 2008 828 2064; x_wconf 92' lang='lat' dir='ltr'>in</span> <span class='ocrx_word' id='word_1_135' title='bbox 880 2007 1226 2066; x_wconf 85' lang='lat' dir='ltr'>Numidiam</span> <span class='ocrx_word' id='word_1_136' title='bbox 1279 2008 1580 2083; x_wconf 82' lang='lat' dir='ltr'>procedit:</span> <span class='ocrx_word' id='word_1_137' title='bbox 1630 2008 1750 2078; x_wconf 80' lang='lat' dir='ltr'>ubi,</span> <span class='ocrx_word' id='word_1_138' title='bbox 1806 2014 2010 2070; x_wconf 84' lang='lat' dir='ltr'>contra</span> 
     </span>
     <span class='ocr_line' id='line_1_20' title="bbox 224 2102 2011 2179; baseline 0.001 -18"><span class='ocrx_word' id='word_1_139' title='bbox 224 2104 371 2162; x_wconf 87' lang='lat' dir='ltr'>belli</span> <span class='ocrx_word' id='word_1_140' title='bbox 415 2103 639 2172; x_wconf 84' lang='lat' dir='ltr'>faciem,</span> <span class='ocrx_word' id='word_1_141' title='bbox 686 2103 925 2177; x_wconf 84' lang='lat' dir='ltr'>tuguria</span> <span class='ocrx_word' id='word_1_142' title='bbox 974 2102 1147 2178; x_wconf 84' lang='lat' dir='ltr'>plena</span> <span class='ocrx_word' id='word_1_143' title='bbox 1199 2103 1521 2175; x_wconf 86' lang='lat' dir='ltr'>hominum,</span> <span class='ocrx_word' id='word_1_144' title='bbox 1571 2122 1777 2179; x_wconf 83' lang='lat' dir='ltr'>pecora</span> <span class='ocrx_word' id='word_1_145' title='bbox 1830 2105 2011 2163; x_wconf 67' lang='lat' dir='ltr'>culto—⁴</span> 
     </span>
     <span class='ocr_line' id='line_1_21' title="bbox 224 2198 2010 2275; baseline -0.004 -18"><span class='ocrx_word' id='word_1_146' title='bbox 224 2218 434 2275; x_wconf 85' lang='lat' dir='ltr'>resque</span> <span class='ocrx_word' id='word_1_147' title='bbox 472 2198 535 2254; x_wconf 91' lang='lat' dir='ltr'>in</span> <span class='ocrx_word' id='word_1_148' title='bbox 576 2199 728 2273; x_wconf 83' lang='lat' dir='ltr'>agris</span> <span class='ocrx_word' id='word_1_149' title='bbox 768 2205 968 2258; x_wconf 86' lang='lat' dir='ltr'>erant:</span> <span class='ocrx_word' id='word_1_150' title='bbox 1020 2218 1096 2256; x_wconf 86' lang='lat' dir='ltr'>ex</span> <span class='ocrx_word' id='word_1_151' title='bbox 1136 2199 1363 2274; x_wconf 80' lang='lat' dir='ltr'>oppidis</span> <span class='ocrx_word' id='word_1_152' title='bbox 1404 2206 1464 2256; x_wconf 82' lang='lat' dir='ltr'>et</span> <span class='ocrx_word' id='word_1_153' title='bbox 1507 2199 1828 2275; x_wconf 78' lang='lat' dir='ltr'>mapalibus</span> <span class='ocrx_word' id='word_1_154' title='bbox 1867 2219 2010 2275; x_wconf 65' lang='lat' dir='ltr'>prae.</span> 
     </span>
     <span class='ocr_line' id='line_1_22' title="bbox 224 2291 2007 2370; baseline 0.002 -19"><span class='ocrx_word' id='word_1_155' title='bbox 224 2291 367 2353; x_wconf 84' lang='lat' dir='ltr'>fecti</span> <span class='ocrx_word' id='word_1_156' title='bbox 405 2294 556 2369; x_wconf 86' lang='lat' dir='ltr'>regis</span> <span class='ocrx_word' id='word_1_157' title='bbox 595 2294 756 2349; x_wconf 89' lang='lat' dir='ltr'>obvii</span> <span class='ocrx_word' id='word_1_158' title='bbox 796 2294 1196 2369; x_wconf 81' lang='lat' dir='ltr'>procedebant,</span> <span class='ocrx_word' id='word_1_159' title='bbox 1228 2296 1418 2370; x_wconf 86' lang='lat' dir='ltr'>parati</span> <span class='ocrx_word' id='word_1_160' title='bbox 1453 2297 1814 2353; x_wconf 87' lang='lat' dir='ltr'>frumentum</span> <span class='ocrx_word' id='word_1_161' title='bbox 1852 2297 2007 2368; x_wconf 83' lang='lat' dir='ltr'>dare,</span> 
     </span>
     <span class='ocr_line' id='line_1_23' title="bbox 226 2392 2012 2469; baseline 0.003 -23"><span class='ocrx_word' id='word_1_162' title='bbox 226 2398 615 2447; x_wconf 80' lang='lat' dir='ltr'>commeatum</span> <span class='ocrx_word' id='word_1_163' title='bbox 666 2396 914 2465; x_wconf 86' lang='lat' dir='ltr'>portare,</span> <span class='ocrx_word' id='word_1_164' title='bbox 972 2397 1265 2465; x_wconf 78' lang='lat' dir='ltr'>postremo</span> <span class='ocrx_word' id='word_1_165' title='bbox 1318 2392 1528 2462; x_wconf 76' lang='lat' dir='ltr'>omnia,</span> <span class='ocrx_word' id='word_1_166' title='bbox 1585 2411 1713 2468; x_wconf 85' lang='lat' dir='ltr'>quae</span> <span class='ocrx_word' id='word_1_167' title='bbox 1768 2393 2012 2469; x_wconf 87' lang='lat' dir='ltr'>impera-</span> 
     </span>
     <span class='ocr_line' id='line_1_24' title="bbox 226 2482 2012 2560; baseline 0.001 -17"><span class='ocrx_word' id='word_1_168' title='bbox 226 2492 449 2556; x_wconf 84' lang='lat' dir='ltr'>rentur,</span> <span class='ocrx_word' id='word_1_169' title='bbox 506 2486 709 2544; x_wconf 83' lang='lat' dir='ltr'>sa-cere.</span> <span class='ocrx_word' id='word_1_170' title='bbox 796 2484 1007 2560; x_wconf 85' lang='lat' dir='ltr'>Neque</span> <span class='ocrx_word' id='word_1_171' title='bbox 1065 2482 1340 2543; x_wconf 82' lang='lat' dir='ltr'>Metellus</span> <span class='ocrx_word' id='word_1_172' title='bbox 1390 2487 1608 2544; x_wconf 84' lang='lat' dir='ltr'>idcirco</span> <span class='ocrx_word' id='word_1_173' title='bbox 1657 2488 1866 2558; x_wconf 88' lang='lat' dir='ltr'>minus,</span> <span class='ocrx_word' id='word_1_174' title='bbox 1911 2490 2012 2548; x_wconf 82' lang='lat' dir='ltr'>sed</span> 
     </span>
     <span class='ocr_line' id='line_1_25' title="bbox 227 2581 2011 2657; baseline 0.001 -18"><span class='ocrx_word' id='word_1_175' title='bbox 227 2584 449 2657; x_wconf 87' lang='lat' dir='ltr'>pariter</span> <span class='ocrx_word' id='word_1_176' title='bbox 474 2602 541 2639; x_wconf 87' lang='lat' dir='ltr'>ac</span> <span class='ocrx_word' id='word_1_177' title='bbox 568 2583 619 2638; x_wconf 90' lang='lat' dir='ltr'>si</span> <span class='ocrx_word' id='word_1_178' title='bbox 643 2581 838 2639; x_wconf 86' lang='lat' dir='ltr'>hostes</span> <span class='ocrx_word' id='word_1_179' title='bbox 868 2582 1155 2652; x_wconf 82' lang='lat' dir='ltr'>adessent,</span> <span class='ocrx_word' id='word_1_180' title='bbox 1184 2582 1414 2639; x_wconf 87' lang='lat' dir='ltr'>munito</span> <span class='ocrx_word' id='word_1_181' title='bbox 1453 2582 1685 2657; x_wconf 84' lang='lat' dir='ltr'>agmine</span> <span class='ocrx_word' id='word_1_182' title='bbox 1724 2583 2011 2657; x_wconf 88' lang='lat' dir='ltr'>incedere,</span> 
     </span>
     <span class='ocr_line' id='line_1_26' title="bbox 226 2677 2015 2755; baseline -0.001 -17"><span class='ocrx_word' id='word_1_183' title='bbox 226 2679 350 2738; x_wconf 79' lang='lat' dir='ltr'>late</span> <span class='ocrx_word' id='word_1_184' title='bbox 402 2678 703 2755; x_wconf 84' lang='lat' dir='ltr'>explorare</span> <span class='ocrx_word' id='word_1_185' title='bbox 756 2679 966 2748; x_wconf 85' lang='lat' dir='ltr'>omnia,</span> <span class='ocrx_word' id='word_1_186' title='bbox 1016 2677 1122 2734; x_wconf 83' lang='lat' dir='ltr'>illa</span> <span class='ocrx_word' id='word_1_187' title='bbox 1167 2678 1485 2735; x_wconf 76' lang='lat' dir='ltr'>deditionis</span> <span class='ocrx_word' id='word_1_188' title='bbox 1535 2678 1701 2754; x_wconf 82' lang='lat' dir='ltr'>signa</span> <span class='ocrx_word' id='word_1_189' title='bbox 1753 2680 2015 2738; x_wconf 89' lang='lat' dir='ltr'>ostentui</span> 
     </span>
     <span class='ocr_line' id='line_1_27' title="bbox 229 2773 2012 2851; baseline -0.001 -18"><span class='ocrx_word' id='word_1_190' title='bbox 229 2773 478 2845; x_wconf 83' lang='lat' dir='ltr'>credere,</span> <span class='ocrx_word' id='word_1_191' title='bbox 524 2779 584 2830; x_wconf 88' lang='lat' dir='ltr'>et</span> <span class='ocrx_word' id='word_1_192' title='bbox 622 2773 850 2830; x_wconf 87' lang='lat' dir='ltr'>insidiis</span> <span class='ocrx_word' id='word_1_193' title='bbox 889 2774 1083 2831; x_wconf 88' lang='lat' dir='ltr'>locum</span> <span class='ocrx_word' id='word_1_194' title='bbox 1122 2775 1356 2830; x_wconf 85' lang='lat' dir='ltr'>tentari.</span> <span class='ocrx_word' id='word_1_195' title='bbox 1442 2773 1654 2850; x_wconf 82' lang='lat' dir='ltr'>Itaque</span> <span class='ocrx_word' id='word_1_196' title='bbox 1707 2773 1831 2851; x_wconf 86' lang='lat' dir='ltr'>ipse</span> <span class='ocrx_word' id='word_1_197' title='bbox 1877 2795 2012 2833; x_wconf 87' lang='lat' dir='ltr'>cum</span> 
     </span>
     <span class='ocr_line' id='line_1_28' title="bbox 229 2868 2012 2948; baseline -0.002 -20"><span class='ocrx_word' id='word_1_198' title='bbox 229 2870 521 2948; x_wconf 83' lang='lat' dir='ltr'>expeditis</span> <span class='ocrx_word' id='word_1_199' title='bbox 573 2869 921 2939; x_wconf 74' lang='lat' dir='ltr'>cohortibuS,</span> <span class='ocrx_word' id='word_1_200' title='bbox 971 2869 1116 2925; x_wconf 85' lang='lat' dir='ltr'>item</span> <span class='ocrx_word' id='word_1_201' title='bbox 1169 2868 1537 2924; x_wconf 86' lang='lat' dir='ltr'>funditorum</span> <span class='ocrx_word' id='word_1_202' title='bbox 1584 2872 1645 2924; x_wconf 86' lang='lat' dir='ltr'>et</span> <span class='ocrx_word' id='word_1_203' title='bbox 1691 2868 2012 2943; x_wconf 86' lang='lat' dir='ltr'>sagittario-</span> 
     </span>
     <span class='ocr_line' id='line_1_29' title="bbox 228 2961 2013 3039; baseline -0.003 -15"><span class='ocrx_word' id='word_1_204' title='bbox 228 2983 365 3024; x_wconf 80' lang='lat' dir='ltr'>rum</span> <span class='ocrx_word' id='word_1_205' title='bbox 410 2964 635 3021; x_wconf 82' lang='lat' dir='ltr'>delecta</span> <span class='ocrx_word' id='word_1_206' title='bbox 680 2983 876 3035; x_wconf 88' lang='lat' dir='ltr'>manu,</span> <span class='ocrx_word' id='word_1_207' title='bbox 920 2963 1077 3039; x_wconf 88' lang='lat' dir='ltr'>apud</span> <span class='ocrx_word' id='word_1_208' title='bbox 1125 2962 1347 3039; x_wconf 85' lang='lat' dir='ltr'>primos</span> <span class='ocrx_word' id='word_1_209' title='bbox 1392 2968 1557 3020; x_wconf 86' lang='lat' dir='ltr'>erat:</span> <span class='ocrx_word' id='word_1_210' title='bbox 1612 2961 1678 3019; x_wconf 91' lang='lat' dir='ltr'>in</span> <span class='ocrx_word' id='word_1_211' title='bbox 1723 2971 2013 3037; x_wconf 83' lang='lat' dir='ltr'>postremo</span> 
     </span>
     <span class='ocr_line' id='line_1_30' title="bbox 154 3049 2014 3135; baseline -0.005 -13"><span class='ocrx_word' id='word_1_212' title='bbox 154 3049 165 3056; x_wconf 52' lang='grc'><strong>”</strong></span> <span class='ocrx_word' id='word_1_213' title='bbox 232 3063 296 3122; x_wconf 79' lang='lat' dir='ltr'>O.</span> <span class='ocrx_word' id='word_1_214' title='bbox 329 3061 557 3120; x_wconf 81' lang='lat' dir='ltr'>Marius</span> <span class='ocrx_word' id='word_1_215' title='bbox 596 3060 823 3135; x_wconf 86' lang='lat' dir='ltr'>legatus</span> <span class='ocrx_word' id='word_1_216' title='bbox 863 3078 999 3118; x_wconf 89' lang='lat' dir='ltr'>cum</span> <span class='ocrx_word' id='word_1_217' title='bbox 1038 3057 1337 3134; x_wconf 81' lang='lat' dir='ltr'>equitibus</span> <span class='ocrx_word' id='word_1_218' title='bbox 1372 3058 1654 3118; x_wconf 83' lang='lat' dir='ltr'>curabat:</span> <span class='ocrx_word' id='word_1_219' title='bbox 1697 3057 1762 3112; x_wconf 88' lang='lat' dir='ltr'>in</span> <span class='ocrx_word' id='word_1_220' title='bbox 1789 3062 2014 3113; x_wconf 81' lang='lat' dir='ltr'>utrum-</span> 
     </span>
     <span class='ocr_line' id='line_1_31' title="bbox 230 3153 2013 3237; baseline -0.005 -19"><span class='ocrx_word' id='word_1_221' title='bbox 230 3178 350 3237; x_wconf 85' lang='lat' dir='ltr'>que</span> <span class='ocrx_word' id='word_1_222' title='bbox 373 3158 531 3216; x_wconf 84' lang='lat' dir='ltr'>latus</span> <span class='ocrx_word' id='word_1_223' title='bbox 555 3156 891 3213; x_wconf 86' lang='lat' dir='ltr'>auxiliarios</span> <span class='ocrx_word' id='word_1_224' title='bbox 918 3155 1145 3232; x_wconf 81' lang='lat' dir='ltr'>equites</span> <span class='ocrx_word' id='word_1_225' title='bbox 1170 3154 1427 3211; x_wconf 83' lang='lat' dir='ltr'>tribunis</span> <span class='ocrx_word' id='word_1_226' title='bbox 1463 3153 1758 3228; x_wconf 89' lang='lat' dir='ltr'>legionum</span> <span class='ocrx_word' id='word_1_227' title='bbox 1786 3159 1847 3208; x_wconf 87' lang='lat' dir='ltr'>et</span> <span class='ocrx_word' id='word_1_228' title='bbox 1873 3170 2013 3228; x_wconf 84' lang='lat' dir='ltr'>prae-</span> 
     </span>
     <span class='ocr_line' id='line_1_32' title="bbox 231 3244 2011 3329; baseline -0.005 -14"><span class='ocrx_word' id='word_1_229' title='bbox 231 3253 406 3315; x_wconf 81' lang='lat' dir='ltr'>fectis</span> <span class='ocrx_word' id='word_1_230' title='bbox 448 3244 772 3313; x_wconf 84' lang='lat' dir='ltr'>cohortium</span> <span class='ocrx_word' id='word_1_231' title='bbox 818 3251 1241 3329; x_wconf 83' lang='lat' dir='ltr'>dispertiverat,</span> <span class='ocrx_word' id='word_1_232' title='bbox 1284 3250 1378 3308; x_wconf 87' lang='lat' dir='ltr'>uti</span> <span class='ocrx_word' id='word_1_233' title='bbox 1425 3267 1557 3305; x_wconf 88' lang='lat' dir='ltr'>cum</span> <span class='ocrx_word' id='word_1_234' title='bbox 1599 3247 1695 3303; x_wconf 88' lang='lat' dir='ltr'>his</span> <span class='ocrx_word' id='word_1_235' title='bbox 1734 3249 2011 3323; x_wconf 83' lang='lat' dir='ltr'>permixti</span> 
     </span>
     <span class='ocr_line' id='line_1_33' title="bbox 223 3345 2008 3432; baseline -0.003 -21"><span class='ocrx_word' id='word_1_236' title='bbox 223 3352 460 3426; x_wconf 66' lang='lat' dir='ltr'>uelites,</span> <span class='ocrx_word' id='word_1_237' title='bbox 526 3370 891 3429; x_wconf 80' lang='lat' dir='ltr'>quacumque</span> <span class='ocrx_word' id='word_1_238' title='bbox 956 3348 1298 3430; x_wconf 78' lang='lat' dir='ltr'>accederent</span> <span class='ocrx_word' id='word_1_239' title='bbox 1368 3346 1662 3432; x_wconf 83' lang='lat' dir='ltr'>equitatus</span> <span class='ocrx_word' id='word_1_240' title='bbox 1733 3345 2008 3420; x_wconf 80' lang='lat' dir='ltr'>hostium,</span> 
     </span>
    </p>
   </div>
  </div>
 </body>
</html>
