2292 3692
344 225 418 285 56
744 228 941 288 SALL
954 228 1186 289 USTII
1228 228 1282 286 J
1290 228 1349 291 U
1346 229 1397 287 G
1407 227 1706 289 URTHA.
1866 299 1894 336 Ἴ

340 380 678 456 praefectum
706 384 917 458 oppidi,
949 384 1014 443 Τ.
1046 383 1378 459 Turpilium
1408 384 1690 456 Silanum,
1719 383 1870 456 alius
1898 364 2107 458 xalium,

340 476 539 533 domos
584 496 718 534 suas
756 479 1057 538 invitantt
1117 498 1214 570 09⁸
1252 498 1467 552 omnes,
1511 486 1721 556 praeter
1760 479 2104 556 Turpilium,

337 573 494 630 inter
531 575 730 650 epulas
769 576 1152 635 obtruncant:
1192 584 1390 652 postea
1429 578 1663 649 milites,
1705 577 1990 653 palantes,
2024 580 2107 637 in-

336 686 536 740 ermes,
559 670 774 746 quippe
800 671 864 728 in
892 673 998 729 tali
1027 672 1124 729 die
1149 691 1217 729 ac
1242 673 1368 731 sine
1385 673 1645 749 imperi0,
1664 673 2101 748 adgrediuntur.

336 766 503 823 Idem
530 768 728 843 plebes
753 769 909 840 facit,
941 788 1076 845 pars
1102 769 1294 827 edocti
1317 770 1393 827 ab
1418 769 1743 840 nobilitate,
1783 770 1886 827 alii
1912 772 2107 831 studio

332 862 542 919 talium
580 881 776 922 rerum
815 864 1065 936 incitati,
1107 865 1271 941 queis
1304 873 1441 941 geta
1480 865 1901 940 consiliumque
1947 866 2104 941 igno-

330 960 611 1031 rantibus,
641 961 935 1019 tumultus
960 962 1086 1037 ipse
1113 968 1175 1019 et
1201 981 1294 1019 res
1307 973 1485 1019 'novae
1512 961 1653 1018 satis
1681 945 2008 1037 placebant.

445 1041 719 1116 LXVII.
804 1057 1059 1115 Romani
1093 1058 1330 1129 milites,
1359 1058 1672 1133 improviso
1700 1062 1864 1114 metu
1889 1058 2102 1115 incerti

327 1152 634 1229 ignarique
687 1154 829 1230 quid
879 1154 1249 1231 potissimum
1301 1155 1576 1225 facerent,
1631 1153 1927 1229 trepidare
1950 1173 1970 1225 3
2026 1154 2101 1210 ad

326 1268 515 1306 arcem
571 1251 787 1325 oppidi,
831 1252 933 1307 ubi
973 1252 1140 1327 signa
1192 1257 1254 1308 et
1306 1257 1471 1308 scuta
1522 1256 1707 1321 erant,
1762 1250 2101 1326 praesidium

325 1345 581 1401 hostium
605 1363 620 1415 3
677 1354 860 1420 portae
900 1355 1038 1403 ante
1076 1348 1285 1404 clausae
1319 1348 1518 1422 fugam
1556 1346 1982 1422 prohibebant3
2024 1347 2101 1403 ad

324 1441 431 1497 hoc
470 1440 743 1499 mulieres
780 1444 1062 1519 puerique
1101 1462 1208 1519 pro
1239 1444 1412 1501 tectis
1442 1443 1819 1500 aedificiorum
1844 1461 2004 1513 saxa,
2037 1447 2098 1498 et

283 1607 292 1626 .
322 1536 449 1606 alia,
494 1556 623 1612 quae
663 1538 822 1595 locus
860 1539 1170 1613 praebebat,
1212 1540 1480 1598 certatim
1522 1539 1774 1597 mittere.
1857 1537 1960 1596 Ita
1997 1558 2097 1594 ne·

322 1650 434 1705 que
462 1635 652 1689 caveri
678 1652 889 1709 anceps
915 1634 1150 1705 malum,
1181 1654 1372 1711 neque
1397 1654 1433 1691 a
1465 1634 1795 1693 fortissimis
1821 1634 2097 1692 infirmis-

321 1730 465 1784 simo
490 1730 692 1804 generi
714 1730 909 1788 resisti
934 1750 1134 1807 posse:
1168 1731 1348 1806 juxta
1383 1731 1524 1788 boni
1556 1731 1827 1807 malique,
1844 1723 2096 1788 'strenui

318 1830 379 1881 et
403 1826 681 1896 imbelles,
710 1828 834 1884 inu]
842 1828 889 1884 ti
916 1827 1263 1886 obtruncati.
1352 1826 1431 1882 In
1458 1846 1526 1883 ea
1552 1832 1722 1883 tanta
1751 1821 2089 1901 asperitate,

317 1923 644 1985 saevissimis
670 1924 950 1981 Numidis
982 1930 1042 1981 et
1077 1923 1288 1999 oppido
1328 1924 1586 1999 undique
1626 1913 1837 1993 clause,
1881 1922 2093 1998 Turpi-

315 2020 427 2076 lius
469 2021 774 2096 praefectus
808 2040 962 2077 unus
1003 2040 1077 2078 ex
1117 2020 1407 2077 omnibus
1429 2018 1656 2078 Italicis
1695 2019 1957 2094 profugit
1998 2019 2092 2076 in·

313 2122 541 2173 tactus:
597 2118 659 2173 id
704 2116 1171 2173 misericordiane
1223 2116 1484 2192 hospitis,
1532 2134 1609 2172 an
1650 2116 1919 2192 pactione
1979 2121 2091 2172 aut

311 2231 461 2283 casu,
494 2214 578 2270 ita
612 2214 887 2284 evenerit,
925 2231 1135 2289 parum
1176 2212 1600 2287 comperimus,
1649 2211 1780 2282 nisi,
1816 2210 1957 2286 quia
1992 2209 2089 2267 illi

257 2299 373 2372 ’,111
413 2314 579 2365 tanto
618 2309 772 2365 malo
811 2309 1003 2384 turpis
1029 2310 1155 2364 vita
1180 2308 1334 2364 fama
1359 2308 1589 2383 integra
1613 2307 1824 2383 potior,
1867 2305 2088 2384 impro-

308 2407 415 2478 bus
442 2405 906 2488 intestabilisque
930 2405 1180 2461 videtur.

424 2500 732 2560 LXVIII.
803 2501 1098 2571 Metellus,
1121 2491 1428 2576 postquam
1450 2499 1523 2557 de
1541 2478 1716 2557 rebus
1732 2498 1917 2576 Vagae
1932 2499 2085 2557 actis

306 2599 600 2675 comperit,
631 2598 949 2675 paullisper
975 2607 1218 2654 moestus
1243 2615 1277 2654 e
1304 2604 1613 2673 conspectu
1640 2597 1804 2669 abit3
1845 2596 2080 2670 deinde,

305 2696 450 2750 11101
435 2715 523 2751 ira
550 2703 610 2752 et
637 2695 918 2770 aegritudo
949 2695 1247 2771 permixta
1270 2700 1427 2765 sunt,
1467 2712 1602 2750 cum
1634 2694 1894 2751 maxima
1935 2711 2083 2752 cura

302 2792 497 2848 ultum
523 2793 608 2848 ire
633 2792 879 2866 injurias
905 2790 1159 2848 festinat.
1228 2788 1562 2864 Legionem,
1591 2808 1726 2846 cum
1752 2807 1869 2864 qua
1893 2788 2081 2847 hiem·

303 2890 453 2959 abat,
485 2897 560 2959 et,
591 2907 767 2965 quam
793 2887 1076 2963 plurimos
1100 2891 1311 2961 potest,
1340 2885 1632 2943 Numidas
1671 2886 1899 2960 equites
1923 2885 2080 2960 pari-

304 2990 394 3039 ter
418 3002 551 3040 cum
577 3002 780 3040 occasu
815 2983 951 3039 solis
989 2982 1294 3057 expeditos
1333 2980 1561 3039 educit:
1604 2986 1666 3037 et
1703 2984 1938 3055 postera
1976 2978 2078 3036 die

302 3080 530 3136 circiter
554 3078 757 3135 horam
782 3080 1021 3136 tertiam
1038 3079 1308 3153 pervenit
1326 3078 1391 3134 in
1410 3076 1724 3153 quamdam
1742 3075 2075 3151 planitiem,

302 3175 440 3231 locis
466 3175 664 3251 paullo
703 3176 1095 3252 superioribus
1135 3176 1606 3233 circumventam.
1693 3174 1793 3232 Ibi
1832 3174 2077 3247 milites,

301 3271 475 3327 fessos
509 3271 737 3327 itineris
764 3272 1185 3347 magnitudine,
1229 3279 1292 3330 et
1320 3273 1447 3348 jam
1486 3274 1815 3331 abnuentes
1852 3274 2077 3345 omnia,

303 3365 484 3438 docet,
515 3371 550 3399 “
566 3367 844 3445 oppidum
873 3368 1106 3445 Vagam
1136 3387 1259 3427 non
1295 3370 1551 3447 amplius
1589 3370 1754 3428 mille
1791 3389 2077 3448 passuum
