2292 3692
627 234 827 293 SALL
843 233 1075 326 USTI(
1120 235 1174 292 J
1180 234 1284 294 Uo
1295 235 1582 295 URTHA.
1911 236 1990 300 '15

331 383 463 441 XO.
547 384 744 461 Igitur
768 385 984 456 consul,
1014 385 1282 444 omnibus
1312 386 1645 462 exploratis,
1677 387 1864 457 credo,
1894 387 1988 444 dis

210 477 435 553 fretus3
489 500 627 537 nam
674 487 874 537 contra
918 486 1115 537 tantas
1161 481 1530 562 difficultates
1568 481 1806 539 consilio
1847 485 1988 542 satis

208 576 516 649 providere
548 595 670 634 non
707 581 941 651 poterat
953 596 970 648 3
1011 577 1227 651 quippe
1259 576 1437 633 etiam
1472 577 1755 634 frumenti
1790 577 1988 654 inopia

208 674 567 743 tentabatur,
596 673 753 750 quod
779 672 1057 730 Numidae
1084 673 1298 748 pabulo
1325 674 1544 750 pecoris
1582 675 1780 749 magis,
1811 693 1987 749 quam

208 786 369 840 arvo,
426 769 679 838 student,
729 772 805 839 et,
855 767 1262 864 quodfflie
1312 774 1519 825 natum
1570 769 1780 840 fuerat,
1816 768 1987 843 jussu

206 863 363 938 regis
400 864 465 920 in
504 864 629 921 loca
669 864 901 921 munita
929 855 1325 935 contulerant,
1370 883 1507 939 ager
1545 869 1744 920 autem
1789 864 1988 919 aridus

207 965 273 1015 et
311 958 549 1033 frugum
586 978 805 1016 vacuus
844 979 913 1017 ea
951 966 1313 1035 tempestate,
1357 980 1495 1017 nam
1537 962 1755 1017 aestatis
1796 966 1985 1017 extre-
2051 986 2058 996 ·

207 1070 374 1109 mum
428 1061 590 1125 erat3
650 1062 848 1113 tamen
901 1075 1007 1131 pro
1060 1057 1159 1113 rei
1201 1057 1366 1132 copia
1419 1057 1558 1115 satis
1613 1056 1988 1131 providenter

205 1163 490 1209 exornat:
525 1170 703 1227 pecus
732 1172 918 1223 omne,
949 1153 1106 1228 quod
1131 1153 1523 1228 superioribus
1549 1152 1753 1209 diebus
1778 1152 1985 1244 praedae
2051 1127 2082 1214 ⁹.

205 1250 417 1319 fuerat,
469 1249 765 1324 equitibus
811 1250 1139 1307 auxiliariis
1191 1250 1480 1325 agendum
1522 1250 1846 1307 adtribuit:
1901 1248 2010 1306 A.

209 1345 509 1402 Manlium
545 1346 804 1421 legatum
845 1365 981 1403 611111
1021 1347 1356 1404 cohortibus
1391 1346 1680 1421 expeditis
1717 1345 1794 1402 ad
1825 1348 1985 1422 oppi-

208 1440 355 1497 dum
394 1440 576 1511 Laris,
612 1440 715 1498 ubi
755 1442 1112 1516 stipendium
1152 1448 1213 1499 et
1251 1449 1638 1500 commeatum
1674 1443 1979 1514 locaverat,
2026 1501 2029 1512 ,

207 1536 297 1593 ire
328 1536 538 1610 jubet3
587 1556 647 1593 se
691 1538 1149 1613 praedabundum
1193 1546 1325 1614 post
1369 1559 1581 1614 paucos
1621 1539 1746 1596 dies
1783 1539 1984 1597 eodem

212 1638 541 1690 venturum.
626 1631 722 1690 Sic
753 1633 984 1708 incepto
1015 1651 1120 1690 suo
1149 1634 1390 1707 occulto,
1428 1635 1620 1710 pergit
1654 1634 1730 1690 ad
1763 1634 1984 1692 flumen

211 1725 452 1786 Tanain.

327 1823 498 1881 XCI.
583 1824 851 1882 Ceterum
883 1825 948 1882 111
973 1825 1186 1883 itinere
1213 1825 1475 1902 quotidie
1500 1845 1674 1901 pecus
1700 1825 1983 1883 exercitui

207 1937 314 1994 per
347 1921 655 1991 centurias,
692 1920 835 1977 item
877 1927 1116 1989 turmas,
1153 1918 1460 1997 aequaliter
1496 1920 1888 1991 distribuerat,
1922 1926 1983 1978 et

207 2034 286 2072 ex
323 2017 497 2073 coriis
525 2023 688 2074 utres
719 2018 812 2074 uti
846 2018 1054 2076 fierent
1089 2017 1367 2074 curabat:
1410 2017 1584 2074 simul
1625 2024 1685 2073 et
1723 2017 1980 2093 inopiam

206 2111 493 2169 frumenti
526 2112 726 2183 lenire,
756 2118 834 2183 et,
862 2111 1081 2187 ignaris
1116 2112 1401 2183 omnibus,
1437 2131 1654 2187 parare,
1684 2130 1814 2187 quae
1845 2130 1983 2169 mox

207 2206 349 2263 usui
395 2207 602 2264 forent.
689 2206 962 2283 Denique
1013 2213 1182 2264 sexto
1238 2208 1349 2283 die,
1405 2227 1588 2283 quum
1639 2208 1713 2264 ad
1765 2208 1983 2265 flumen

208 2308 457 2358 ventum
499 2310 602 2374 est,
640 2302 897 2359 maxima
937 2303 1029 2360 vis
1066 2304 1294 2359 utrium
1338 2303 1552 2361 effecta.
1637 2303 1733 2360 Ibi
1776 2303 1983 2360 castris

208 2399 331 2455 levi
366 2399 730 2457 munimento
772 2400 993 2476 positis,
1039 2400 1255 2457 milites
1297 2400 1491 2457 cibum
1534 2418 1752 2476 capere,
1787 2406 1979 2475 atque,

207 2496 305 2553 uti
338 2495 512 2551 simul
549 2515 683 2552 cum
718 2514 920 2553 occasu
957 2497 1093 2554 solis
1127 2496 1556 2572 egrederentur,
1596 2502 1828 2572 paratos
1864 2487 1985 2553 esse

199 2591 377 2667 jubet
399 2611 416 2662 3
459 2591 728 2647 omnibus
763 2591 1005 2648 sarcinis
1039 2592 1297 2667 abjectis,
1327 2610 1480 2667 aqua
1510 2592 1682 2648 modo
1718 2610 1894 2667 seque
1924 2597 1984 2647 et

200 2690 476 2764 jumenta
541 2707 793 2745 onerare.
888 2689 1061 2761 Dein,
1117 2695 1425 2765 postquam
1488 2695 1720 2764 tempus
1772 2687 1980 2759 visum,
2095 2725 2099 2729 »

2042 1715 2075 1750 :tt

209 2784 416 2841 castris
447 2784 757 2859 egreditur,
794 2790 1136 2862 noctemque
1170 2792 1356 2842 totam
1392 2785 1605 2841 itinere
1644 2784 1814 2855 fact0‚
1852 2801 1982 2840 con-

208 2880 399 2937 sedit:
448 2879 606 2936 idem
650 2881 917 2955 proxima
961 2880 1140 2937 facit:
1195 2880 1331 2938 dein
1373 2882 1564 2953 tertia,
1615 2880 1805 2938 multo
1844 2884 1984 2936 ante
2072 2935 2079 2941 .

209 2978 361 3035 lucis
411 2978 745 3049 adventum,
794 2980 1062 3054 pervenit
1112 2980 1178 3036 in
1230 2979 1423 3038 locum
1481 2979 1855 3048 tumulosum,
1907 2978 1984 3035 ab

213 3074 401 3151 Capsa
433 3094 553 3131 non
590 3075 840 3151 amplius
865 3076 1048 3134 duum
1085 3076 1339 3134 millium
1375 3075 1722 3145 intervall03
1763 3073 1977 3149 ibique,

211 3188 390 3244 quam
417 3172 800 3229 occultissime
833 3178 1038 3247 potest,
1071 3192 1205 3229 cum
1241 3172 1510 3229 omnibus
1544 3171 1725 3246 copiis
1759 3170 1981 3244 opperi-

209 3272 324 3323 tur.
412 3267 543 3338 Sed,
585 3270 688 3326 ubi
734 3270 858 3326 dies
905 3269 1095 3346 coepit,
1139 3275 1203 3326 et
1250 3268 1542 3338 Numidae,
1583 3266 1733 3324 nihil
1770 3264 1981 3323 hostile

208 3367 554 3438 metuentes,
583 3367 758 3424 multi
785 3366 996 3444 oppido
1022 3366 1235 3443 egressi
1245 3385 1265 3438 3
1304 3371 1541 3442 repente
1568 3382 1799 3422 omnem
1825 3364 1981 3440 equi-
