2292 3692
49 2864 56 2872 ’
100 2874 109 2885 “
186 2874 292 2940 est,
324 2868 397 2925 de
422 2871 635 2923 natura
660 2866 939 2942 cultuque
965 2867 1091 2942 ejus
1115 2868 1314 2942 paucis
1340 2868 1557 2926 dicere:
1593 2888 1784 2944 neque
1805 2870 1961 2926 enim
2028 2915 2061 2924 1

592 200 1033 270 SALLUS'TJI
1083 211 1556 273 JUGURTHA.
1888 216 1965 273 79

191 364 440 436 Marius,
482 364 585 421 ubi
624 383 699 421 ex
738 366 982 434 nunciis,
1022 385 1153 441 quae
1194 365 1376 442 Ligus
1421 373 1632 442 egerat,
1675 369 1963 443 cognovit,

190 484 548 543 quamquam
590 470 715 521 toto
758 465 853 523 die
895 466 1154 523 intentos
1201 467 1402 542 praelio
1451 466 1740 522 Numidas
1783 461 1969 522 habuss

189 567 335 631 erat,
390 568 522 617 tum
571 579 726 632 ver0,
792 560 1127 618 cohortatus
1194 562 1427 633 milites,
1483 567 1545 618 et
1608 562 1732 638 ipse
1798 568 1968 620 extra

188 658 395 714 vineas
446 676 720 733 egressus,
778 658 1074 715 testudine
1127 664 1258 715 acta
1309 659 1628 728 succedere,
1675 662 1740 714 et
1790 657 1965 714 simul

189 754 419 811 hostem
465 754 774 811 tormentis
818 755 1246 830 sagittariisque
1289 760 1350 811 et
1394 754 1788 810 funditoribus
1827 754 1970 814 emi-.

186 870 304 907 nus
345 856 575 909 terrere.
661 851 753 907 At
796 850 1088 923 Numidae,
1128 870 1279 927 saepe
1317 858 1492 908 antea
1525 851 1713 907 vineis
1753 850 1966 907 Romaa

186 964 403 1024 norum
443 946 748 1017 subversis,
777 946 922 1002 item
958 947 1225 1017 incensis,
1264 966 1385 1003 non
1419 947 1641 1003 castelli
1680 946 1964 1003 moenibus

187 1062 313 1099 sese
339 1042 704 1114 tutabantur,
733 1042 834 1098 sed
876 1062 981 1118 pro
1022 1061 1192 1098 muro
1224 1042 1346 1100 dies
1377 1048 1687 1118 noctesque
1713 1043 1932 1118 agitare
1944 1060 1964 1113 ,⁶

2002 1121 2045 1144 ‚7

151 1193 156 1198 .
186 1139 535 1196 maledicere
577 1138 875 1205 RomaniS,
923 1157 989 1195 ac
1033 1138 1229 1195 Mario
1268 1139 1596 1195 vecordiam
1637 1139 1962 1213 objectare3
2027 1181 2040 1204 ,

185 1236 481 1292 militibus
507 1236 719 1291 nostris
746 1235 1058 1310 Jugurthae
1086 1220 1630 1292 servitiurffiiiinari
1642 1254 1661 1306 ;
1697 1234 1978 1290 secundis-

184 1334 363 1389 rebus
402 1332 616 1388 feroces
658 1350 792 1390 esse.
879 1331 1145 1404 Interim,
1190 1333 1472 1403 omnibus,
1518 1331 1797 1387 Romanis
1835 1330 1965 1387 hos-

185 1428 479 1503 tibusque,
537 1428 735 1502 praelio
787 1427 1048 1500 intentiS,
1105 1448 1317 1504 magna
1374 1428 1670 1503 utrimque
1722 1426 1800 1497 vi,
1855 1446 1962 1503 pro

184 1523 375 1600 gloria
413 1528 588 1598 atque
628 1523 869 1598 imperio
910 1524 1014 1597 his,
1054 1524 1173 1581 illis
1213 1544 1318 1600 pro
1353 1524 1556 1596 salute,
1587 1524 1958 1594 certantibus,

185 1626 431 1696 repente
472 1638 509 1675 a
549 1625 712 1694 tergo
755 1620 922 1695 signa
963 1639 1198 1677 canere:
1247 1640 1314 1676 ac
1356 1621 1543 1695 primo
1589 1620 1859 1676 mulieres
1900 1625 1967 1680 et

186 1715 375 1792 pueri,
431 1714 534 1791 qui
585 1716 777 1771 visum
830 1721 1236 1791 processerant,
1292 1715 1528 1790 fugerej,
1590 1715 1812 1786 deinde,
1869 1716 1961 1771 uti

185 1811 435 1888 quisque
461 1829 629 1866 muro
653 1811 955 1886 proximus
981 1816 1107 1867 erat
1125 1829 1144 1881 3
1185 1816 1475 1885 postremo
1506 1810 1718 1880 cuncti,
1748 1811 1961 1865 armati

184 1911 566 1983 inermesque.
653 1905 823 1974 Quod
857 1907 960 1963 ubi
996 1906 1221 1977 accidit,
1255 1925 1322 1963 eo
1364 1906 1553 1962 acrius
1585 1905 1837 1962 Romani
1872 1906 1960 1962 in-

185 2013 362 2075 stare,
391 2004 651 2074 fundere,
674 2022 741 2059 ac
766 2003 1071 2079 plerosque
1097 2002 1504 2058 tantummodo
1531 2001 1799 2072 sauciare,
1824 2002 1961 2058 dein

185 2121 364 2178 super
389 2101 706 2157 occisorum
733 2118 971 2174 corpora
995 2098 1224 2169 vadere,
1254 2098 1411 2153 avidi
1436 2097 1647 2172 gloriae,
1673 2103 1961 2155 certantes

184 2216 423 2255 murum
458 2201 654 2271 petere
665 2215 685 2267 5
728 2213 917 2271 neque
953 2213 1300 2271 quemquam
1340 2195 1599 2250 omnium
1626 2195 1818 2270 praeda
1844 2214 1962 2252 mo-

184 2294 323 2353 rari.
410 2292 521 2364 Sic,
553 2293 703 2389 forte
743 2299 1014 2364 correcta,
1048 2291 1229 2348 Marii
1267 2292 1563 2349 temeritas
1600 2292 1844 2368 gloriam
1885 2311 1960 2348 ex

186 2391 360 2466 culpa
385 2388 628 2447 invenit.
843 2421 924 2436 x

308 2483 502 2540 XCV.
589 2483 877 2554 Ceterum,
926 2482 1067 2539 dum
1121 2502 1190 2540 ea
1242 2502 1333 2539 res
1384 2483 1623 2559 geritur,
1668 2483 1734 2543 L.
1781 2483 1956 2559 Sylla,

185 2586 455 2658 quaestor,
495 2598 629 2636 cum
669 2597 878 2654 magno
917 2581 1187 2655 equitatu
1231 2580 1294 2636 in
1340 2586 1528 2637 castia
1564 2582 1763 2637 venit·
1746 2627 1764 2655 ,
1817 2601 1961 2658 quos

185 2679 279 2736 uti
318 2696 393 2734 ex
430 2675 602 2732 Latio
638 2681 697 2731 et
734 2693 771 2729 a
808 2675 975 2731 sociis
1010 2681 1256 2751 cogeret,
1300 2676 1503 2733 Romae
1541 2676 1777 2754 relictus
1817 2685 1955 2736 erat.

187 2774 320 2844 Sed,
351 2772 627 2848 quoniam
657 2771 813 2828 tanti
838 2771 956 2828 viri
988 2791 1081 2834 res
1120 2772 1440 2844 admonuit,
1469 2773 1745 2830 idoneum
1771 2773 1961 2831 visum

186 2964 305 3022 alio
331 2964 457 3021 loco
483 2962 556 3019 de
585 2962 758 3037 Syllae
785 2965 957 3020 rebus
984 2964 1207 3050 dicturi
1226 2983 1426 3038 sumus
1444 2984 1465 3040 3
1484 2970 1567 3044 ⁴et
1599 2964 1665 3021 L.
1697 2963 1955 3035 Sisenna,
2064 2923 2086 2952 >

84 3085 89 3090 ·
182 3060 409 3138 optime
456 3064 519 3114 et
559 3059 998 3134 diligentissime
1044 3059 1305 3116 omnium
1344 3060 1449 3135 qui
1495 3078 1590 3116 eas
1627 3077 1722 3116 res
1760 3058 1960 3117 dixere

181 3158 539 3232 persecutus,
596 3173 803 3229 parum
850 3154 997 3210 mihi
1047 3154 1232 3212 libero
1284 3173 1382 3211 ore
1433 3155 1661 3211 locutus
1705 3154 1955 3213 videtur.

183 3250 388 3327 Igitur
415 3248 581 3306 Sulla
609 3249 801 3324 gentis
827 3250 1087 3325 patriciae
1121 3250 1338 3307 nobilis
1368 3250 1498 3320 fuit,
1528 3235 1752 3305 familia
1781 3268 1960 3325 prope

177 3349 308 3425 jam
348 3345 639 3402 exstincta
676 3345 963 3421 majorum
1002 3344 1252 3422 ignavia,
1286 3345 1499 3402 litteris
1534 3342 1752 3402 Graecis
1784 3350 1973 3422 atque.
