2292 3692
626 244 829 305 SALL
841 246 1070 306 USTH
1122 247 1178 305 J
1181 248 1240 306 U
1239 248 1291 307 G
1301 247 1596 309 URTHA.
1921 252 1997 310 25

217 402 473 475 peretur,
514 395 739 473 reliqua
778 416 911 454 cum
951 396 1152 455 Bestia
1197 405 1261 455 et
1300 399 1518 458 Scauro
1556 406 1775 459 secreta
1811 407 1997 461 trans-

216 493 369 571 igit:
422 494 560 552 dein
598 499 832 571 postero
870 494 983 566 die,
1025 495 1194 570 quasi
1232 514 1339 571 per
1383 502 1641 554 saturam
1687 499 1997 575 exquisitis

215 591 539 663 sententiis,
569 590 636 647 in
675 590 1033 648 deditionem
1069 591 1369 667 accipitur.
1455 592 1588 661 Sed,
1615 593 1707 651 uti
1732 613 1840 671 pro
1865 612 1995 652 con·

214 687 348 746 silio
387 687 755 763 imperatum,
793 686 1089 763 elephanti
1127 686 1390 762 triginta,
1429 706 1603 763 pecus
1641 695 1817 766 atque
1857 691 1995 768 equi

212 785 408 858 multi,
438 803 574 842 cum
597 803 778 860 parvo
804 785 1031 860 argenti
1057 784 1330 861 pondere,
1352 787 1632 862 quaestori
1656 788 1988 847 traduntur.

213 880 568 957 Calpurnius
599 881 853 939 Romam
889 880 967 938 ad
1003 881 1380 956 magistratus
1419 883 1704 959 rogandos
1743 885 1991 960 proficis-

210 978 385 1037 citur.
469 978 549 1035 In
575 978 860 1035 Numidia
887 983 949 1035 et
975 977 1241 1036 exercitu
1265 985 1466 1036 nostro
1493 999 1613 1056 pax
1636 981 1984 1056 agitabatur.

330 1073 543 1133 XXX.
627 1075 949 1152 Postquam
1000 1095 1094 1132 res
1137 1076 1202 1132 in
1251 1076 1458 1134 Africa
1500 1082 1707 1153 gestas,
1758 1097 1990 1156 quoque

208 1171 383 1229 modo
421 1177 565 1228 actae
603 1171 814 1242 forent,
842 1171 999 1228 fama
1036 1172 1381 1249 divulgavit,
1410 1173 1614 1230 Romae
1649 1192 1756 1249 per
1790 1193 1987 1231 omnes

207 1266 363 1324 locos
414 1271 477 1323 et
528 1271 848 1323 conventus
901 1266 974 1323 de
1025 1266 1180 1324 facto
1226 1268 1478 1324 consulis
1528 1265 1774 1341 agitari:
1830 1270 1983 1344 apud

205 1363 435 1439 plebem
475 1361 671 1438 gravis
707 1361 970 1433 invidia;
1012 1361 1227 1418 Patres
1258 1360 1494 1418 solliciti
1534 1369 1741 1433 erant;
1781 1364 1981 1438 proba-

204 1466 416 1517 rentne
441 1465 677 1516 tantum
702 1459 1006 1535 flagitium,
1036 1477 1113 1514 an
1150 1458 1449 1514 decretum
1471 1459 1727 1515 consulis
1750 1460 1981 1517 subver-

203 1560 420 1628 terent,
462 1574 672 1632 parum
724 1554 1041 1613 constabat.
1124 1553 1222 1610 Ac
1274 1552 1528 1610 maxime
1580 1572 1676 1609 eos
1719 1556 1979 1629 potentia

204 1651 427 1725 Scauri,
468 1651 626 1728 quod
664 1651 717 1708 is
761 1656 964 1708 auctor
1008 1655 1071 1706 et
1107 1649 1297 1705 socius
1340 1648 1554 1705 Bestioe
1592 1649 1901 1722 ferebatur,
1942 1670 1980 1708 a

200 1766 344 1805 vero
379 1748 644 1822 bonoque
683 1746 1049 1822 impediebat,
1134 1745 1228 1800 At
1257 1742 1318 1801 O.
1352 1742 1685 1815 Memmius,
1715 1745 1880 1820 cujus
1905 1746 1978 1804 de

200 1844 477 1901 libertate
501 1843 722 1918 ingenii
749 1848 810 1899 et
834 1841 968 1899 odio
995 1838 1268 1916 potentiae
1288 1838 1615 1896 nobilitatis
1635 1858 1809 1915 supra
1827 1840 1977 1896 dixi·

199 1958 351 2012 muS,
379 1940 537 1997 inter
576 1938 1001 1995 dubitationem
1040 1941 1102 1992 et
1139 1954 1331 1992 moras
1368 1934 1571 2006 senati,
1607 1935 1978 1993 concionibus

199 2037 484 2113 populum
524 2036 599 2092 ad
638 2034 1056 2092 vindicandum
1100 2032 1362 2091 hortari:
1417 2051 1666 2102 monere,
1707 2051 1784 2089 ne
1829 2051 1975 2089 rem·

196 2132 509 2209 publicam,
550 2149 627 2187 ne
666 2130 998 2186 libertatem
1038 2147 1204 2186 suam
1244 2128 1610 2186 desererent:
1656 2128 1846 2185 multa
1883 2148 1974 2186 su·

196 2229 378 2304 pei-ba
414 2235 474 2285 et
507 2226 766 2284 crudelia
798 2225 1056 2282 facinora
1080 2224 1405 2283 nobilitatis
1431 2224 1771 2285 ostendere:
1811 2246 1974 2303 pror·

195 2342 298 2381 sus
340 2325 604 2380 intentus
649 2322 809 2378 omni
852 2321 1022 2378 modo
1064 2322 1250 2397 plebis
1292 2321 1558 2382 animum
1602 2323 1970 2386 accendebat,

196 2420 331 2492 Sed,
360 2420 637 2496 quoniam
672 2437 742 2475 ea
765 2424 1111 2494 tempestate
1150 2418 1354 2476 Romae
1391 2418 1662 2477 Memmii
1695 2420 1972 2478 facundia

195 2519 353 2577 clara
391 2517 728 2595 pollensque
766 2516 898 2587 fuit,
924 2516 1124 2573 decere
1160 2516 1508 2588 existimavi,
1540 2535 1718 2573 unam
1742 2536 1820 2574 ex
1843 2522 1970 2575 tam

192 2615 400 2671 multis
439 2615 761 2671 orationem
798 2612 1150 2687 perscribere
1171 2633 1191 2684 5
1233 2631 1298 2669 ac
1325 2613 1707 2688 potissimum,
1736 2633 1867 2689 quse
1903 2614 1968 2671 in

192 2709 482 2779 concione,
538 2714 673 2785 post
724 2708 983 2766 reditum
1034 2707 1266 2780 Bestiae,
1321 2707 1718 2782 hujuscemodi
1773 2709 1967 2766 verbis

190 2805 480 2863 disseruit.

309 2898 557 2959 XXXL
646 2899 890 2958 “Multa
942 2919 1034 2957 me
1087 2898 1476 2957 dehortantur
1517 2919 1554 2957 a
1597 2900 1778 2973 vobis,
1827 2900 1965 2971 Qui-

187 2998 349 3070 rites,
396 2997 462 3054 ni
514 2997 774 3054 studium
836 2996 1169 3073 reipublicae
1231 2996 1428 3055 omnia
1485 3001 1721 3072 superet
1744 3014 1762 3066 3
1829 3013 1967 3070 opes

186 3095 477 3167 factionis,
517 3101 716 3152 vestra
764 3095 1068 3170 patientia,
1113 3095 1216 3169 jus
1268 3094 1516 3164 nullum,
1566 3112 1634 3150 ac
1685 3092 1964 3163 maxime,

186 3189 344 3267 quod
409 3190 757 3248 innocentiae
825 3189 957 3267 plus
1008 3190 1272 3267 periculi,
1312 3209 1490 3266 quam
1542 3188 1795 3259 honoris,
1852 3195 1960 3246 est.

186 3286 346 3343 Nam
386 3286 489 3343 illa
526 3286 761 3363 quidem
801 3287 964 3364 piget
1005 3288 1213 3359 dicere,
1263 3287 1355 3344 bis
1402 3285 1574 3343 annis
1626 3301 1725 3345 xv.
1782 3303 1954 3360 quam

186 3383 442 3442 ludibrio
494 3383 723 3443 fueritis
789 3385 1070 3461 superbiae
1134 3402 1492 3462 paucorum3
1561 3400 1738 3458 quam
1789 3381 1953 3452 foede,
