2292 3692
635 218 1083 279 SALLUSTJJ
1122 218 1288 279 ,πῖθ’
1298 219 1597 282 URTHA.
1684 245 1734 312 g<
1896 217 1923 300 3·-

201 379 394 439 sunt!
435 398 511 436 an
544 398 836 455 quoquam
867 376 1017 436 mihi
1047 378 1210 436 adire
1243 377 1396 449 licet,
1424 376 1530 436 ubi
1603 352 2027 455 oUmssjcrum
2080 373 2091 380 ’

200 494 479 533 meorum
518 472 754 531 hostilia
792 479 1171 531 monumenta
1209 473 1462 550 plurima
1497 473 1588 531 sin
1616 535 1625 546 ,
1652 545 1661 554 „
1688 476 1800 554 gut
1839 474 1997 558 quis-

200 589 394 647 quam
418 569 604 626 nostri
630 569 890 629 misereri
915 574 1125 644 potest,
1150 570 1253 645 qui
1279 569 1592 645 aliquando
1617 561 1997 646 vobishostis

198 666 361 724 fuit?
422 664 739 737 Postremo,
761 663 1074 722 Masinissa
1098 684 1205 721 nos
1229 664 1316 722 ita
1339 665 1616 736 instituit,
1640 653 2025 725 hazecone:
2064 709 2073 714 -
2096 688 2197 716 :„-.-
2214 665 2253 704 ⁴³

198 762 433 837 scripti,
472 780 547 818 ne
582 779 756 837 quem
794 760 1124 833 coleremus,
1164 761 1279 818 nisi
1319 762 1599 837 populum
1635 761 1988 835 Romanum,

198 876 284 916 ne
328 857 646 928 societates,
696 875 772 913 ne
821 857 1039 915 foedera
1088 876 1243 914 nova
1280 857 1707 933 acciperemus:
1760 860 1993 919 abunde

199 974 422 1032 magna,
446 953 715 1030 praesidia.
744 953 910 1010 nobis
946 953 1011 1010 in
1045 959 1242 1010 vestra
1276 953 1537 1012 amicitia
1570 954 1694 1012 fore
1719 975 1734 1013 z
1776 956 1826 1014 si
1852 955 1991 1015 huic

200 1050 457 1127 imperio
483 1049 723 1107 fortuna.
751 1055 1097 1119 mutaretur,
1117 1067 1240 1106 una.
1262 1048 1432 1106 nobis
1453 1049 1829 1108 occidendum
1849 1071 1986 1111 esse.

200 1146 460 1205 'Virtute
506 1164 574 1203 ac
622 1144 710 1202 dis
754 1143 1087 1201 volentibus
1133 1144 1333 1220 magni
1379 1145 1521 1203 estis
1572 1152 1633 1203 et
1686 1148 1987 1222 opulenti:

200 1243 406 1301 omnia
440 1240 694 1299 secunda
728 1245 789 1297 et
819 1240 1152 1297 obedientia
1187 1245 1363 1297 sunt:
1404 1258 1520 1315 quo
1552 1239 1780 1299 facilius
1813 1243 1991 1301 socio-

197 1358 336 1397 rum
377 1336 625 1413 injurias
670 1353 872 1393 curare
917 1333 1070 1394 licet.
1159 1334 1416 1400 Tantum
1456 1335 1606 1393 illud
1646 1355 1869 1409 vereor,
1909 1357 1988 1395 ne

199 1453 350 1510 quos
376 1434 609 1509 privata
639 1431 898 1487 amicitia
930 1430 973 1487 J
974 1430 1259 1505 ugurthae,
1289 1450 1498 1507 parum
1529 1432 1778 1508 cognita,
1801 1439 1988 1492 trans.-

198 1549 398 1588 versos
426 1534 600 1605 agat:
643 1546 787 1604 quos
818 1546 924 1603 ego
956 1527 1131 1584 audio
1167 1527 1423 1585 maxima
1452 1547 1560 1604 ope
1589 1529 1716 1601 niti,
1745 1531 1984 1603 ambire,

197 1626 448 1701 fatigare
491 1643 597 1700 yos
640 1622 910 1699 singulm,
948 1640 1027 1679 ne
1072 1622 1217 1697 quid
1262 1622 1339 1679 de
1382 1623 1638 1694 absente,
1687 1624 1986 1701 incognita

199 1738 415 1791 caussa,
461 1718 773 1778 statuatis:
808 1717 1026 1793 fingere
1063 1736 1159 1775 me
1203 1717 1399 1789 verba,
1448 1719 1645 1795 fugam
1691 1720 1981 1793 simulare,

199 1817 298 1874 cui
342 1815 576 1873 licuerit
620 1814 686 1869 in
732 1831 910 1889 regno
962 1830 1210 1869 manere.
1297 1811 1469 1880 Quod
1515 1814 1745 1872 utinam
1790 1815 1978 1889 illum,

197 1913 365 1990 cnjus
399 1912 581 1987 impio
623 1909 877 1967 facinore
922 1909 988 1967 in
1033 1909 1139 1966 has
1186 1908 1444 1966 miserias
1490 1911 1784 1986 projectus
1829 1932 1977 1985 sum,

201 2008 404 2067 eadem
430 2009 553 2066 haec
580 2007 956 2064 simulantem
974 2006 1237 2077 videam3
1269 2012 1331 2065 et
1355 2006 1668 2083 aliquando
1692 2015 1798 2067 aut
1824 2010 1982 2086 apud

199 2124 319 2178 vos,
367 2111 473 2164 aut
514 2103 670 2180 apud
721 2103 857 2160 deos
909 2102 1282 2175 immortales,
1339 2122 1536 2160 rerum
1589 2103 1980 2164 humanarum

200 2220 340 2259 eura
378 2201 638 2258 oriatur:
678 2218 787 2269 nae,
823 2197 941 2269 ille,
977 2199 1079 2274 qui
1112 2218 1272 2256 nunc
1303 2198 1614 2257 sceleribus
1653 2201 1775 2258 suis
1812 2201 1978 2262 ferox
2061 2226 2063 2228 ·

107 2301 114 2308 ’
199 2303 375 2375 atque
398 2297 706 2373 praeclarus
732 2301 837 2367 est,
867 2296 1137 2352 omnibus
1168 2295 1337 2352 malis
1361 2297 1740 2368 excruciatus,
1777 2297 1976 2373 impie-

197 2394 337 2452 tatis
362 2394 428 2450 in
454 2398 756 2469 parentem
786 2398 1069 2462 nostrum,
1105 2392 1303 2449 fratris
1333 2393 1450 2449 mei
1482 2394 1654 2464 necis,
1690 2413 1977 2463 mearum-

200 2510 310 2567 que
335 2490 714 2559 miseriarum‚
738 2506 1162 2564 gmvesgpoenas
1189 2488 1405 2545 reddet.
1459 2488 1503 2546 J
1504 2508 1599 2546 am
1607 2490 1751 2565 jam,
1773 2491 1971 2562 frater,

200 2588 391 2646 animo
437 2604 567 2643 meo
614 2584 922 2656 carissime,
970 2603 1327 2660 quamquam
1373 2584 1486 2642 tibi
1530 2584 1864 2659 immature,
1914 2595 1976 2646 et

200 2682 349 2741 unde
379 2682 621 2739 minime
653 2680 865 2751 decuit,
899 2681 1026 2738 vita
1057 2687 1260 2757 erepta.
1291 2688 1396 2753 est,
1429 2688 1630 2740 tamen
1655 2683 1976 2741 laetandum

200 2778 391 2854 magis,
429 2796 608 2854 quam
645 2777 975 2846 dolendum,
1011 2784 1157 2853 puto
1192 2796 1391 2835 casum
1421 2784 1596 2836 tuum
1607 2800 1625 2853 3
1668 2797 1789 2837 non
1814 2780 1975 2839 enim

200 2895 453 2953 regnum,
484 2873 585 2931 sed
611 2873 829 2950 fugam,
856 2874 1115 2945 exilium,
1154 2881 1489 2950 egestatem,
1525 2882 1586 2933 et
1618 2896 1816 2935 omnes
1847 2877 1970 2950 has,

200 2992 322 3050 quae
348 2990 443 3028 me
468 2977 774 3047 premunt,-
790 2989 1092 3044 aerumnae,
1121 2990 1256 3029 cum
1283 2973 1480 3029 anima
1505 2973 1680 3030 simul
1707 2973 1968 3032 amisisti.

202 3069 288 3126 At
324 3087 429 3144 ego
468 3067 693 3139 infelix,
732 3067 798 3124 in
838 3073 1007 3125 tanta
1049 3068 1204 3126 mala
1242 3069 1640 3144 praecipitatus
1672 3088 1746 3126 ex
1780 3071 1972 3145 patrio

201 3184 384 3242 regne,
419 3184 617 3223 rerum
651 3166 1039 3223 humanarum
1073 3166 1467 3243 spectaculum
1503 3166 1746 3241 praebeo,
1789 3167 1972 3225 incer-

200 3267 292 3318 tus
326 3261 467 3337 quid
499 3281 667 3337 agam
681 3281 700 3336 3
732 3266 942 3321 tuasne
972 3262 1218 3337 injurias
1248 3278 1574 3337 persequar,
1605 3260 1728 3335 ipse
1758 3261 1968 3319 auxilii

204 3367 380 3435 egens,
408 3376 486 3415 an
512 3377 692 3435 regno
720 3347 1031 3430 consulam,
1062 3359 1227 3433 cujus
1252 3358 1390 3415 vitae
1417 3357 1690 3432 necisque
1705 3362 1968 3433 potestas
