2292 3692
616 262 814 322 SALL
830 263 1061 324 USTH
1106 261 1581 324 JUGURTHA.
1911 264 1986 327 77
2039 275 2044 280 '

205 413 385 469 aditu
426 413 668 472 relicto:
712 434 851 471 nam
894 416 1081 472 omnis
1123 423 1349 486 natura,
1395 417 1562 473 velut
1602 436 1772 498 opere
1810 424 1988 494 atque

206 509 495 581 consulte,
527 528 791 586 praeceps.
851 511 1039 580 Quem
1064 512 1255 568 locum
1276 511 1519 584 Marius,
1542 514 1701 589 quod
1727 514 1810 571 ibi
1835 514 1987 590 regis

205 604 474 662 thesauri
508 615 690 677 erant,
722 627 948 664 summa
974 608 1033 664 vi
1070 626 1273 683 capere
1304 608 1576 666 intendit.
1662 610 1776 667 Sed
1803 630 1870 667 ea
1893 631 1987 668 res

205 699 379 771 forte,
438 720 612 775 quam
676 703 934 773 consilio,
994 703 1202 760 melius
1267 711 1448 779 gesta.
1529 686 1696 761 Nam
1754 705 1986 762 castello

205 797 473 853 virorum
505 804 683 873 atque
717 818 1013 856 armorum
1049 800 1207 871 satia
1237 819 1448 875 magna
1474 800 1564 857 vis
1598 801 1893 872 frumenti,
1923 809 1985 859 et

203 890 342 947 fons
388 910 591 966 aquae3
648 894 951 968 aggeribus
998 895 1374 971 turribusque
1421 901 1481 952 et
1524 896 1654 953 aliis
1695 897 1983 954 machina-

201 987 469 1045 tionibus
505 989 664 1047 locus
696 990 1095 1065 importunus:
1131 991 1249 1049 iter
1291 992 1734 1049 castellanorum
1782 1012 1985 1069 angus—

200 1089 339 1141 tum
379 1085 706 1157 admodum,
748 1087 1045 1163 utrimque
1088 1088 1403 1163 praecisum.
1486 1086 1694 1144 Vineae
1734 1107 1867 1145 cum
1898 1089 1983 1144 in-

199 1179 371 1253 genti
396 1180 651 1254 periculo
677 1181 895 1239 frustra
919 1182 1328 1258 agitabantur:
1373 1202 1525 1254 nam,
1556 1201 1685 1240 cum
1716 1202 1796 1240 (ιω
1822 1186 1982 1259 paul—

200 1273 333 1329 lum
372 1282 784 1349 processerant,
817 1276 941 1352 igni
976 1285 1080 1334 aut
1114 1277 1405 1352 lapidibus
1440 1280 1954 1354 corrumpebantur
1958 1300 1976 1352 3

201 1372 425 1430 milites
464 1393 655 1451 neque
701 1394 807 1450 pro
855 1394 1025 1450 opere
1065 1376 1388 1446 consistere,
1431 1382 1669 1451 propter
1707 1375 1979 1450 iniquita—

201 1472 329 1521 tem
350 1466 479 1534 loci,
497 1465 685 1544 neque
711 1469 870 1525 inter
888 1469 1088 1525 vineas
1114 1469 1240 1526 sine
1266 1470 1523 1544 periculo
1541 1470 1974 1527 administrare:

200 1562 463 1638 optimus
507 1565 751 1640 quisque
797 1565 1014 1637 cadere,
1059 1572 1165 1622 aut
1207 1566 1455 1623 sauciari
1465 1586 1485 1639 3
1536 1567 1740 1624 ceteris
1785 1573 1976 1625 metus

198 1659 421 1736 augeri.

325 1755 561 1812 XCIII.
649 1757 740 1813 At
787 1756 1031 1828 Marius,
1080 1757 1285 1814 multis
1332 1757 1535 1815 diebus
1576 1762 1637 1815 et
1682 1759 1974 1816 laboribus

198 1854 536 1924 consumtis,
567 1855 778 1911 anxius
803 1854 1034 1910 trahere
1061 1873 1193 1910 cum
1231 1854 1426 1910 animo
1462 1873 1566 1910 suo
1602 1855 1974 1912 omitteretne

191 1952 519 2026 inceptum,
564 1950 838 2026 quoniam
886 1952 1103 2007 frustra
1157 1956 1298 2018 erat,
1346 1969 1424 2005 an
1469 1950 1766 2007 fortunam
1806 1968 1973 2026 oppe-

195 2048 431 2118 riretur,
482 2067 599 2123 qua
651 2067 798 2123 saepe
843 2066 1114 2123 prospere
1168 2066 1306 2104 usus
1350 2047 1555 2103 fuerat.
1642 2046 1784 2115 Quae
1838 2066 1971 2103 cum

196 2144 415 2201 multos
470 2145 607 2216 dies,
657 2150 872 2215 nocteS,
920 2151 1171 2201 aestuans
1217 2144 1482 2219 agitaret,
1530 2144 1681 2201 forte
1732 2144 1970 2219 quidam

197 2241 381 2316 Ligus
424 2260 497 2297 ex
544 2241 878 2298 cohortibus
917 2241 1240 2298 auxiliariis
1294 2240 1459 2296 miles
1505 2240 1813 2315 gregarius,
1857 2258 1970 2297 cas-

196 2336 307 2393 tris
339 2341 620 2411 aquatum
660 2354 935 2411 egressus,
965 2336 1122 2393 haud
1164 2336 1362 2411 procul
1397 2336 1471 2391 ab
1506 2335 1687 2391 latere
1725 2335 1964 2407 castelli,

197 2432 356 2509 quod
409 2451 674 2489 aversum
734 2432 1136 2506 praeliantibus
1199 2439 1338 2502 erat,
1396 2430 1657 2487 animum
1714 2432 1968 2489 advertit

194 2531 357 2586 inter
407 2548 548 2586 saxa
611 2533 877 2603 repentes
938 2527 1235 2587 cochleas:
1306 2547 1550 2603 quarum
1602 2546 1735 2583 cum
1787 2545 1966 2583 unam

193 2632 372 2702 atque
426 2626 685 2698 alteram,
743 2625 879 2682 dein
931 2625 1141 2701 plures,
1192 2632 1432 2700 peteret,
1491 2624 1683 2681 studio
1735 2623 1965 2698 legendi

191 2720 499 2797 paullatim
553 2741 732 2797 prope
784 2721 860 2778 ad
916 2740 1210 2779 summum
1275 2722 1491 2777 montis
1546 2739 1803 2796 egressus
1857 2726 1958 2777 est.

198 2817 339 2888 Ubi,
381 2823 689 2894 postquam
742 2818 1116 2875 solitudinem
1170 2818 1482 2888 intellexit,
1526 2836 1683 2875 more
1723 2818 1961 2873 humani

191 2915 429 2990 ingenii,
473 2915 682 2990 cupido
724 2914 978 2971 difficilia
1016 2915 1265 2971 faciendi
1304 2914 1563 2971 animum
1602 2913 1798 2969 vertit.
1881 2912 1961 2968 Et

133 2991 139 3000 „
188 3011 341 3068 forte
394 3011 457 3066 in
513 3031 580 3068 eo
626 3012 753 3068 loco
804 3012 1039 3087 grandis
1092 3012 1214 3068 ilex
1267 3011 1556 3068 coaluerat
1601 3011 1756 3065 inter
1801 3026 1955 3077 saxa,

189 3105 515 3183 paullulum
569 3107 741 3165 modo
793 3126 993 3183 prona,
1043 3108 1180 3165 dein
1225 3108 1393 3178 flexa,
1450 3115 1626 3181 atque
1670 3109 1841 3161 aucta
1893 3104 1957 3161 in

188 3200 579 3272 altitudinem,
622 3222 739 3278 quo
776 3212 984 3260 cuncta
1020 3203 1389 3279 gignentium
1426 3207 1637 3258 natura
1676 3201 1819 3260 fert:
1864 3220 1958 3257 cu-

182 3296 285 3372 jus
320 3298 498 3354 ramis
534 3299 721 3371 modo,
750 3299 920 3357 modo
954 3299 1341 3356 eminentibus
1373 3299 1540 3368 saxis,
1568 3299 1744 3368 nisus,
1775 3296 1956 3372 Ligus

190 3392 413 3449 castelli
465 3394 771 3470 planitiem
825 3396 1169 3472 perscribit:
1223 3396 1379 3472 quod
1431 3395 1626 3453 cuncti
1680 3393 1952 3451 Numidae
