2292 3692
355 243 432 306 34
750 244 951 305 SALL
966 243 1205 303 USTII
1247 240 1727 306 JUGURTHA.

359 421 367 428 ⁴
471 397 796 457 XXXIX.
878 397 1009 468 Sed,
1040 396 1146 453 ubi
1178 415 1247 454 ea
1272 395 1477 453 Romae
1510 400 1806 471 comperta
1836 399 1992 466 sunt,
2023 413 2145 453 me·

349 503 453 558 tus
486 501 663 572 atque
698 512 911 552 moeror
942 492 1245 551 civitatem
1278 493 1582 551 invasere:
1626 510 1758 567 pars
1795 490 1994 550 dolere
2028 510 2141 568 pro

352 593 538 669 gloria
561 590 795 667 imperii
815 609 833 662 3
874 609 1025 666 pars,
1042 588 1295 646 insolita
1320 608 1516 646 rerum
1546 588 1899 653 bellicarum,
1925 588 2139 645 timere

352 687 653 744 libertati:
694 685 858 744 Aulo
905 703 1105 742 omnes
1146 685 1365 756 infesti,
1416 703 1483 744 ac
1528 685 1785 742 maxime
1829 684 1937 760 qui
1980 684 2138 741 bello

351 798 502 857 saepe
536 781 798 856 praeclari
832 781 1083 852 fuerant,
1123 781 1282 857 quod
1314 785 1575 838 armatus
1607 780 1882 838 dedecore
1915 780 2133 856 potius,

350 895 530 950 quam
591 879 792 947 manu,
861 877 1110 935 salutem
1172 876 1541 952 quaesiverat.
1631 874 1725 932 Ob
1797 894 1866 934 ea
1929 875 2136 931 consul

350 972 624 1043 Albinus,
668 991 745 1030 ex
782 972 996 1029 delicto
1038 972 1240 1034 fratris
1280 971 1580 1042 invidiam,
1625 990 1694 1030 ac
1737 969 1948 1028 deinde
1982 970 2135 1045 peri-

351 1067 565 1138 culum,
622 1066 854 1138 timens,
909 1074 1182 1125 senatum
1234 1068 1309 1128 de
1359 1067 1574 1124 foedere
1631 1066 2003 1124 consulebat:
2069 1073 2133 1122 et

349 1170 546 1220 tamen
600 1161 841 1220 interim
893 1163 1157 1220 exercitu
1202 1161 1672 1237 supplementum
1712 1161 1996 1220 scribere:
2053 1162 2132 1217 ab

350 1258 516 1314 sociis
566 1263 627 1314 et
679 1258 916 1315 nomine
968 1257 1183 1314 Latino
1238 1258 1459 1315 auxilia
1511 1276 1793 1316 arcessere
1805 1276 1823 1327 3
1878 1255 2132 1331 denique

349 1351 536 1407 modis
567 1352 836 1408 omnibus
868 1352 1161 1412 festinare.
1247 1353 1495 1410 Senatus
1527 1353 1630 1424 ita,
1661 1353 1751 1409 uti
1782 1371 1889 1428 par
1914 1351 2126 1423 fuerat,

349 1447 626 1515 decernit,
658 1464 769 1505 suo
803 1465 1002 1517 ATQUE
1038 1466 1255 1512 Porum
1287 1466 1532 1508 mmssu
1569 1466 1819 1507 mmmm
1851 1464 2132 1506 Portnssss

349 1559 555 1603 ramus
582 1561 763 1604 FIERI.
848 1546 1082 1618 Consul,
1111 1548 1429 1623 impeditus
1456 1567 1492 1604 a
1520 1548 1774 1604 tribunis
1800 1546 2000 1622 plebis,
2029 1566 2125 1617 ne,

346 1660 493 1715 quas
519 1649 836 1719 paraverat
876 1645 1082 1719 copias,
1125 1664 1321 1702 secum
1366 1649 1640 1720 portaret,
1684 1643 1884 1720 paucis
1922 1642 2130 1700 diebus

345 1738 413 1794 in.
451 1739 719 1796 Africam
771 1741 1194 1815 proficiscitur:
1248 1760 1387 1798 nam
1439 1741 1628 1797 omnis
1674 1739 1980 1809 exercitus,
2030 1738 2130 1795 uti

345 1839 709 1904 convenerat,
745 1833 1030 1894 Numidia
1061 1836 1357 1907 deductus,
1386 1836 1450 1892 in
1482 1835 1784 1911 provincia
1807 1833 2123 1896 hiemabat.

347 1925 666 2004 Postquam
705 1948 772 1985 eo
815 1931 995 2001 venit,
1039 1950 1389 2006 quamquam
1431 1931 1699 2007 persequi
1738 1929 1781 1988 J
1784 1930 2133 2006 ugurtham,

345 2028 406 2079 et
439 2025 660 2086 mederi
694 2025 967 2083 fraternas
1002 2027 1258 2094 invidiae,
1299 2027 1528 2088 animus
1558 2028 1834 2098 ardebat3
1874 2028 2125 2103 cognitis

344 2120 645 2192 militibus,
676 2140 838 2196 quos,
871 2128 1078 2198 praeter
1109 2122 1326 2197 fugam,
1360 2121 1552 2179 soluto
1584 2122 1843 2197 imperio,
1885 2122 2125 2180 licentia

343 2223 522 2292 atque
556 2217 794 2274 lascivia
834 2223 1185 2293 corruperat,
1229 2236 1303 2274 ex
1342 2218 1505 2293 copia
1540 2236 1736 2275 rerum
1767 2218 1976 2274 statuit
2008 2217 2123 2276 sibi
2224 2279 2225 2284 ἵ

343 2311 493 2367 nihil
519 2312 872 2385 agitandum.

461 2403 593 2463 XL.
680 2404 916 2463 Interea
945 2408 1147 2465 Romae
1183 2408 1249 2467 O.
1288 2408 1591 2466 Mamilius
1622 2408 1979 2480 Limetanus,
2018 2409 2125 2466 tri-

343 2500 534 2557 bunus
561 2483 776 2577 plebis‚'
789 2504 1147 2577 rogationem
1182 2503 1256 2560 ad
1288 2504 1568 2580 populum
1595 2504 1941 2580 promulgat,
1975 2509 2011 2536 “
2027 2505 2124 2566 uti
2216 2545 2217 2548 η

342 2602 693 2669 quaereretur
738 2597 805 2654 in
852 2616 964 2669 eos,
1014 2618 1265 2674 quorum
1304 2600 1542 2657 consilio
1588 2599 1631 2658 J
1635 2600 1889 2675 ugurtha
1929 2601 2125 2658 senati

341 2691 573 2749 decreta
605 2694 948 2769 neglegisset
967 2716 986 2767 3
1027 2696 1247 2772 quique
1276 2696 1352 2752 ab
1383 2715 1452 2753 eo
1479 2697 1544 2754 in
1573 2696 1974 2771 legationibus,
2012 2705 2125 2755 aut

340 2788 600 2863 imperiis
633 2790 908 2866 pecunias
952 2793 1306 2868 accepissent
1317 2812 1334 2864 ;
1375 2792 1479 2869 qui
1512 2792 1861 2868 elephantos,
1898 2792 2124 2869 quique

339 2884 607 2960 perfugas
635 2886 1010 2944 tradidissent
1034 2908 1049 2958 ;
1084 2890 1230 2945 item
1256 2890 1451 2965 quide
1475 2908 1631 2965 pace,
1660 2895 1766 2948 aut
1792 2889 1960 2961 benc,
1983 2908 2124 2947 cum

340 2981 602 3040 hostibus
628 2983 926 3060 pactiones
957 2985 1275 3044 fecissent.”
1359 2987 1523 3045 Huic
1558 2987 1866 3062 rogationi,
1899 2987 2123 3063 partim

341 3078 555 3136 conscii
581 3078 711 3151 sibi,
734 3080 835 3137 alii
862 3099 937 3137 ex
963 3083 1220 3156 partium
1247 3082 1469 3139 invidia
1494 3082 1748 3158 pericula
1771 3087 2120 3153 metuentes,

342 3174 617 3247 quoniam
641 3180 839 3251 aperte
865 3177 1131 3235 resistere
1159 3197 1277 3234 non
1303 3163 1593 3254 poterant,
1621 3179 1767 3253 quin
1791 3178 1895 3234 illa
1921 3184 1983 3235 et
2002 3177 2124 3236 alia
2197 3167 2199 3236 l

342 3270 486 3327 talia
528 3271 751 3346 placere
797 3272 910 3329 sibi
953 3274 1294 3344 faterentur,
1351 3274 1574 3331 occulte
1621 3292 1725 3350 per
1769 3274 2001 3344 amicos,
2050 3292 2122 3330 ac
2196 3275 2197 3310 ¹

343 3365 595 3424 maxime
620 3385 725 3444 per
749 3367 1014 3439 homines
1043 3369 1298 3426 nominis
1326 3369 1528 3426 Latini
1559 3374 1622 3427 et
1646 3369 1828 3426 socios
1860 3366 2122 3438 Italicos,
2190 3407 2193 3456 }

2188 3475 2191 3530 1
