2292 3692
341 240 415 299 20
622 259 626 263 '
728 237 1175 299 SALLUSTJI
1225 239 1708 301 JUGURTHA.

334 387 605 466 Scipioni,
647 407 874 446 summo
911 390 1055 463 viro,
1100 391 1422 466 placuisse:
1465 392 1539 449 ob
1578 391 1805 448 easdem
1843 397 1997 448 artes
2036 393 2127 449 ab

332 486 597 561 Micipsa,
640 503 760 542 non
800 486 1045 560 penuria
1089 486 1421 558 liberorum,
1471 487 1537 542 in
1582 505 1828 561 regnum
1874 487 2120 563 adopta-

331 587 461 639 tum
485 601 499 640 z
540 586 811 651 ceterum,
853 599 972 656 quo
1002 580 1175 655 plura.
1204 581 1353 637 bene
1383 586 1560 656 atque
1590 586 1828 637 strenue
1857 579 2111 653 fecisset,

330 696 399 735 eo
442 677 705 734 animum
748 695 920 734 suum
970 676 1252 752 injuriam
1296 677 1493 734 minus
1543 677 1827 735 tolerare:
1876 677 2112 735 Adher·

329 774 519 832 halem
560 774 708 832 dolis
750 773 891 830 vitae
931 792 1050 830 suae
1101 773 1445 829 insidiatum
1454 793 1472 845 3
1529 773 1686 850 quod
1728 772 1836 830 ubi
1879 791 2108 848 compe—

328 870 513 942 risset,
556 869 757 927 sceleri
786 869 1021 926 obviam
1051 869 1197 942 isse3
1238 870 1515 945 populum
1544 869 1878 926 Romanum
1911 889 2109 947 neque

327 973 500 1037 recte,
539 985 729 1043 neque
766 985 873 1042 pro
911 966 1066 1022 bono
1105 965 1415 1037 facturum,
1461 966 1515 1023 si
1552 966 1629 1022 ab
1659 966 1794 1041 jure
1835 966 2106 1040 gentium

325 1080 454 1119 sese
485 1060 881 1138 prohibuerit:
920 1066 1214 1136 postremo
1253 1061 1326 1117 de
1364 1061 1634 1118 omnibus
1673 1062 1846 1120 rebus
1880 1061 2106 1137 legatos

326 1159 576 1217 Romam
613 1159 794 1216 brevi‘
814 1157 1183 1217 missurum.”
1266 1158 1367 1215 Ita
1397 1158 1632 1234 utrique
1671 1158 2096 1233 digrediuntur.

322 1255 676 1314 Adherbalis
701 1254 1034 1330 adpellandi
1059 1254 1226 1329 copia
1250 1274 1372 1312 non
1396 1255 1524 1313 fuit.

440 1351 695 1408 XXIII.
779 1350 822 1407 J
824 1349 1095 1426 ugurtha,
1120 1350 1225 1407 ubi
1249 1369 1346 1407 eos
1372 1350 1578 1408 Africa
1602 1350 1909 1409 decessisse
1933 1358 2101 1409 ratus

322 1456 427 1522 est,
453 1468 659 1525 neque,
688 1454 929 1524 propter
955 1448 1069 1505 loci
1098 1454 1390 1520 naturam,
1421 1448 1644 1506 Cirtam
1680 1448 1857 1506 armis
1881 1467 2101 1524 expug-

320 1565 461 1602 mre
485 1549 695 1621 potest,
722 1543 878 1600 vallo
906 1548 1081 1619 atque
1112 1544 1264 1601 fossa
1293 1544 1510 1600 moenia
1533 1544 1868 1618 circumdat,
1903 1550 2099 1603 turres

320 1642 589 1714 exstruit,
619 1660 830 1717 easque
854 1641 1139 1718 praesidiis
1164 1642 1361 1698 firmat
1384 1664 1396 1700 ε
1430 1648 1709 1717 praeterea
1726 1642 1850 1699 dies
1874 1648 2099 1700 noctes-

318 1757 449 1814 que,
479 1742 584 1795 aut
614 1756 717 1813 per
741 1737 865 1793 vim
890 1743 996 1794 aut
1027 1737 1193 1809 dolis,
1222 1744 1483 1795 tentare:
1530 1738 1924 1796 defensoribus
1952 1757 2098 1797 moe—

317 1835 479 1892 nium
508 1834 745 1910 praemia
769 1833 956 1904 modo,
985 1833 1158 1891 modo
1182 1834 1570 1908 formidinem,
1599 1840 1892 1892 ostentare
1902 1854 1922 1908 3
1956 1854 2097 1894 suos

316 1931 603 1989 hortando
628 1931 703 1988 ad
728 1930 1010 1987 virtutem
1038 1930 1288 2005 erigere;
1327 1950 1564 2007 prorsus
1591 1933 1857 1989 intentus
1880 1938 2097 1992 cuneta

314 2046 534 2104 parare.
618 2026 922 2084 Adherbal
956 2026 1060 2082 ubi
1094 2026 1377 2102 intelligit
1414 2046 1615 2085 omnes
1652 2046 1787 2085 suas
1824 2028 2094 2086 fortunas

314 2124 381 2180 in
420 2129 680 2180 extremo
719 2123 877 2193 sitas,
916 2121 1143 2179 hostem
1174 2123 1468 2195 infestum,
1511 2124 1722 2181 auxilii
1759 2142 1920 2200 spem
1957 2126 2095 2182 nu]—

315 2221 449 2291 lam‚
490 2218 734 2294 penuria
778 2237 976 2275 rerum
1016 2220 1468 2277 necessariarum
1509 2221 1728 2278 bellum
1768 2220 1927 2277 trahi
1964 2240 2094 2279 non

314 2334 480 2392 posse
491 2336 510 2388 3
553 2334 628 2372 ex
658 2314 765 2386 his,
802 2315 908 2391 qui
937 2334 1058 2372 una
1091 2316 1315 2373 Cirtam
1345 2317 1737 2392 profugerant,
1774 2316 1890 2374 duo
1923 2336 2093 2375 max-

314 2415 431 2470 ime
465 2411 746 2488 impigros
777 2412 1007 2487 delegit,
1050 2431 1163 2484 eos,
1205 2413 1396 2470 multa
1434 2413 1770 2488 pollicendo,
1812 2432 1879 2470 ac
1917 2413 2097 2471 mise-

314 2509 497 2567 rando
532 2528 729 2567 casum
755 2527 942 2581 suum,
984 2509 1306 2580 confirmat,
1337 2509 1430 2565 uti
1463 2528 1568 2585 per
1600 2507 1859 2565 hostium
1897 2511 2096 2567 muni-

313 2608 508 2663 tiones
547 2612 724 2663 noctu
769 2606 844 2663 ad
883 2606 1218 2682 proximum
1261 2621 1437 2678 mare,
1480 2606 1619 2661 dein
1653 2604 1918 2678 Romam,
1958 2624 2095 2683 per·

314 2707 541 2778 gerent.

432 2797 680 2857 XXIV.
762 2797 1039 2859 Numidae
1083 2796 1284 2873 paucis
1330 2796 1533 2854 diebus
1576 2797 1743 2873 jussa
1793 2796 2095 2873 efficiunt3

314 2895 527 2952 litterae
551 2892 903 2950 Adherbalis
933 2892 1000 2949 in
1024 2899 1232 2949 senatu
1266 2893 1538 2964 recitatae,
1575 2912 1824 2968 quarum
1857 2899 2097 2951 senten—

312 2991 400 3048 tia
435 2990 557 3048 haec
590 2990 743 3049 fuit:
788 2988 979 3046 “Non
1017 3007 1147 3046 mea
1191 2989 1359 3065 culpa.
1397 3007 1547 3065 saepe
1586 2990 1663 3047 ad
1699 3008 1805 3047 vos
1851 2995 2096 3048 oratum

313 3086 500 3157 mitto,
550 3085 758 3143 Patres
801 3082 1129 3158 conscripti,
1178 3082 1279 3140 sed
1323 3083 1417 3140 vis
1463 3084 1507 3142 J
1507 3083 1776 3158 ugurthae
1821 3084 2092 3160 subigit·

313 3200 485 3255 quem
510 3186 682 3237 tanta
705 3179 905 3236 lubido
931 3179 1342 3254 exstinguendi
1376 3199 1471 3237 me
1500 3182 1736 3254 invasit,
1764 3182 1858 3238 uti
1889 3200 2094 3259 neque

312 3293 432 3346 vos,
473 3294 663 3351 neque
692 3275 829 3331 deos
857 3275 1262 3332 immortales
1244 3295 1311 3332 in
1335 3276 1531 3334 animo
1564 3276 1813 3353 habeat3
1849 3277 2094 3353 sangui-

314 3385 448 3426 nem
473 3387 682 3443 meum,
712 3388 888 3446 quam
913 3369 1124 3443 omnia,
1151 3370 1332 3428 malit.
1420 3372 1634 3449 Itaque
1660 3372 1936 3451 quintum
1950 3373 2093 3451 jam
