2292 3692
360 211 438 275 64
766 201 1213 275 SALLUSTII
1258 213 1312 272 J
1318 214 1424 274 Ua
1434 214 1726 274 URTHA„

354 366 423 424 in
449 368 613 438 mari,
643 367 910 426 retinere.
994 365 1156 425 Nam
1181 367 1301 439 ubi,
1334 386 1440 444 per
1463 368 1590 426 loca
1616 369 1863 445 aequalia
1889 375 1952 428 et
1980 343 2148 429 nuda

353 464 737 541 gignentium,
768 471 982 521 ventus
1007 470 1239 521 coortus
1265 483 1500 550 arenam
1528 464 1717 523 humo·
1727 468 2035 541 excitavit,
2057 487 2149 542 εἷς,

255 619 264 628 ⁴
355 578 568 637 magna
609 560 670 616 vi
709 561 946 635 agitata,
992 579 1092 617 ora
1140 560 1453 637 oculosque
1502 562 1746 638 implere
1801 562 1990 652 &3
2056 564 2148 620 ita

355 662 663 741 prospectu
689 656 968 732 impedito
994 657 1211 712 morari
1236 656 1364 714 iter.
1437 656 1757 733 Postquam
1779 658 2146 733 Cyrenenses

354 754 656 831 aliquanto
695 755 1036 838 posteriores
1071 772 1133 810 se
1167 753 1395 825 vident,
1421 760 1482 811 et
1521 756 1596 811 ob
1635 773 1762 811 rem
1800 764 2144 831 corruptam

355 850 514 907 domi
540 871 737 926 poenas
772 835 1064 924 metuunt,
1104 851 1419 923 criminari,
1450 850 1959 926 Carthaginienses
1999 858 2144 912 ante

355 954 588 1023 tempus
615 948 786 1004 domo
827 948 1123 1023 digressoe,
1153 948 1503 1004 conturbare
1542 966 1694 1006 rem:
1732 947 1986 1024 denique
2013 967 2140 1005 om-

353 1042 456 1098 nia
508 1041 696 1113 malle,
740 1061 918 1121 quam
958 1043 1100 1099 victi
1139 1043 1316 1100 abire.
1402 1042 1533 1113 Sed,
1575 1062 1709 1099 cum
1750 1043 1917 1100 Poeni
1959 1044 2139 1101 aliam

354 1137 762 1210 conditionem,
820 1138 1225 1194 tantummodo
1287 1157 1531 1213 nequam,
1600 1145 1882 1215 peterent,
1941 1138 2138 1195 Graeci

355 1233 653 1308 optionem
700 1233 1277 1308 Carthaginiensibus
1321 1235 1562 1306 faciunt,
1607 1239 1644 1267 ‘⁴
1664 1234 1759 1291 vel
1816 1234 1926 1306 illi,
1989 1254 2138 1312 quos

354 1328 499 1384 fines
538 1328 751 1404 populo
791 1348 895 1385 suo
935 1335 1220 1404 peterent,
1265 1330 1350 1386 ibi
1389 1331 1514 1386 vivi
1553 1330 1981 1403 obruerentur3
2040 1330 2136 1388 vel

355 1426 556 1483 'eadem
603 1426 934 1483 conditione
980 1445 1118 1498 sese,
1169 1445 1343 1502 quem
1385 1427 1450 1483 in
1485 1427 1678 1484 locum
1719 1427 1958 1497 vellent,
2005 1446 2133 1502 pro·

355 1539 623 1579 cessuros.
631 1519 660 1546 '’
743 1520 1007 1592 Philaeni,
1045 1521 1375 1579 conditione
1415 1523 1673 1597 probata,
1713 1540 1889 1597 seque
1927 1522 2134 1578 vitam-

354 1637 469 1694 que
496 1616 825 1692 reipublicae
853 1618 1279 1674 condonavere:
1327 1618 1414 1674 ita
1437 1617 1562 1673 vivi
1589 1617 1802 1676 obruti.
1886 1615 2132 1673 Cartha-

354 1715 641 1792 ginienses
667 1715 733 1771 in
760 1733 828 1771 eo
862 1714 988 1771 loco
1029 1714 1310 1771 Philaenis
1348 1714 1628 1770 iratribus
1667 1731 1798 1769 aras
1836 1730 2132 1769 consecra·

355 1828 529 1882 vere3
571 1810 789 1885 aliique
834 1808 953 1866 illis
993 1807 1155 1865 domi
1195 1808 1442 1865 honores
1483 1807 1762 1864 instituti.
1847 1806 2031 1864 Nunc
2056 1806 2131 1863 ad

354 1928 480 1968 rem
504 1909 692 1969 redeo.

373 2041 382 2049 ι
472 2004 738 2063 LXXX.
819 2003 865 2061 J
865 2002 1122 2080 ugurtha
1147 2008 1475 2079 postquam,
1491 2003 1716 2061 ,amissa
1748 2001 1949 2074 Thala,
1978 2000 2129 2060 nihil

355 2102 496 2159 satis
534 2103 770 2158 firmum
806 2108 1010 2159 contra
1049 2099 1360 2157 Metellum
1387 2104 1573 2175 putat,
1602 2118 1706 2175 per
1731 2118 1973 2174 magnas
1998 2099 2129 2156 soli-

354 2198 589 2255 tudines
627 2217 763 2255 cum
801 2198 999 2272 paucis
1045 2196 1355 2272 profectus,
1399 2196 1668 2271 pervenit
1720 2196 1795 2252 ad
1849 2196 2123 2267 Gaetulos,
2222 2235 2223 2256 η

353 2313 535 2371 genus
576 2294 878 2351 hominum
927 2295 1117 2351 ferum
1173 2294 1594 2370 incultumque,
1637 2298 1700 2350 et
1739 2313 1808 2350 eo
1860 2299 2120 2370 tempore

353 2392 623 2467 ignarum
663 2392 918 2448 nominis
957 2391 1228 2450 Romani.
1316 2390 1538 2447 Eorum
1578 2389 2023 2448 multitudinem
2058 2392 2121 2448 in
2222 2443 2223 2452 ,

353 2508 541 2546 unum
568 2490 760 2564 cogit:
803 2508 870 2546 ac
909 2489 1216 2565 paullatim
1250 2488 1601 2548 consuefacit
1628 2487 1858 2545 ordines
1895 2488 2121 2559 habere,
2222 2525 2223 2530 κ

353 2586 520 2661 signa
557 2587 736 2661 sequi,
778 2586 1090 2661 imperium
1142 2586 1462 2656 observare,
1510 2586 1654 2641 item
1692 2584 1809 2641 alia
1847 2584 2122 2641 militaria

207 2649 216 2658 Ι
253 2689 268 2704 “
352 2681 555 2738 facere.
640 2680 933 2738 Praeterea
969 2682 1121 2757 regis
1162 2681 1376 2738 Bocchi
1414 2679 1716 2757 proximus
1746 2678 1974 2754 magnis
1999 2698 2119 2735 mu-

350 2777 605 2849 neribus,
649 2782 712 2834 et
748 2777 1064 2852 majoribus
1103 2778 1414 2853 promissiS,
1452 2777 1527 2833 ad
1567 2776 1829 2833 studium
1868 2774 1962 2831 sui
2000 2793 2118 2849 per-

351 2874 516 2933 ducit
525 2893 544 2947 3
582 2875 749 2950 queis
775 2875 866 2950 adj
874 2875 1138 2931 uteribus
1164 2893 1360 2949 regem
1387 2875 1706 2950 adgressus,
1732 2872 2000 2949 impellit,
2032 2873 2115 2927 uti

350 2971 660 3029 adversum
707 2970 1002 3028 Romanos
1048 2970 1268 3027 bellum
1322 2969 1611 3045 suscipiat.
1697 2967 1774 3024 Id
1820 2966 2114 3045 θωπί»,

263 3130 272 3139 ,
350 3067 576 3124 facilius
610 3067 963 3143 proniusque
1001 3066 1131 3137 fuit,
1162 3066 1316 3142 quod
1357 3065 1640 3135 BocchuS,
1669 3064 1842 3121 initio
1881 3062 2113 3139 hujusce

350 3163 506 3237 belli,
556 3163 773 3237 legatos
827 3161 1076 3219 Romam
1128 3163 1384 3230 miserat,
1439 3161 1626 3217 foedus
1680 3163 1743 3216 et
1801 3159 2111 3216 amicitiam
2222 3209 2223 3226 ς

350 3259 632 3331 petitum3
687 3278 864 3335 quam
908 3280 1046 3334 rem,
1093 3265 1641 3340 opportunissimam
1679 3265 1909 3339 incepto
1947 3262 2106 3331 bello,

207 3427 230 3442 υ
271 3389 280 3418 ,-
351 3355 521 3427 pauci
559 3356 1001 3430 impediverant,
1020 3362 1152 3442 caegi
1179 3362 1443 3432 avaritia,
1465 3359 1630 3436 queis
1657 3359 1853 3417 omnia
1877 3357 2107 3416 honesta
