2292 3692
361 222 435 280 70
750 219 953 279 SALL
968 219 1198 280 USTH
1232 220 1299 278 ‘J
1307 220 1364 279 U
1363 220 1414 279 G
1427 221 1723 282 URTHA.
2232 0 2242 336 1

174 400 207 454 7
265 351 296 468 1
356 373 558 444 velint,
590 372 820 429 abunde
839 372 958 430 illis
977 373 1286 430 facundam
1310 379 1375 431 et
1401 374 1778 451 compositam
1798 347 2127 436 orationem-

354 469 492 527 fore.
572 466 706 541 Sed,
736 469 800 526 in
842 469 1097 527 maximo
1129 475 1325 527 vestro
1361 470 1654 542 beneficio,
1690 491 1827 529 cum
1859 474 2128 530 omnibus

353 564 494 622 locis
528 581 625 624 me
650 584 869 641 vosque
907 564 1231 640 maledictis
1265 564 1535 637 lacerent,
1574 584 1694 623 non
1732 566 1961 661 placui&
1994 567 2129 625 reti-

353 679 494 731 cere,
522 680 599 717 ne
624 662 756 736 quis
783 660 1123 718 modestiam
1140 659 1205 716 in
1223 660 1632 718 conscientiam
1659 661 1909 718 duceret.
1970 662 2127 719 Nam

351 774 445 812 me
466 756 725 832 quidem,
755 775 832 812 ex
846 756 1030 812 animi
1054 756 1173 812 mei
1199 755 1504 827 sententia,
1533 755 1699 812 nulla
1716 757 1904 814 oratio
1918 756 2127 816 loedere

350 856 570 927 potest:
598 852 814 928 quippe
839 870 993 922 vera,
1011 870 1241 908 necesse
1266 856 1370 921 est,
1400 850 1550 909 bene
1574 851 1849 928 praedicet
1860 872 1879 924 3
1919 852 2127 911 falsam
2238 913 2242 928 Α

349 946 476 1003 vita
500 966 802 1024 moresque
827 948 944 1006 mei
971 952 1265 1023 superant.
1338 946 1469 1018 Sed,
1490 949 1765 1023 quoniam
1785 955 1984 1007 vestra
1997 970 2125 1007 con·
2230 967 2242 1076 ἶ

348 1044 479 1101 silia
501 1053 859 1117 accusantur,
890 1046 995 1121 qui
1026 1044 1177 1100 mihi
1216 1062 1511 1100 summum
1551 1042 1826 1100 honorem
1853 1050 1917 1102 et
1942 1047 2125 1103 maxi-
2230 1079 2242 1476 ἦ

347 1159 510 1197 mum
545 1143 844 1217 negotium
881 1140 1259 1217 imposuistis,
1305 1140 1486 1196 etiam
1520 1146 1699 1215 atque
1738 1141 1917 1197 etiam
1959 1161 2125 1218 repu-

346 1242 484 1310 tate,
519 1257 675 1311 mun⁴
706 1256 907 1295 eorum
933 1236 1334 1313 poenitendum
1368 1236 1469 1294 sit.
1551 1219 1692 1293 Non
1725 1256 1960 1313 possum
1987 1239 2123 1295 fidei

346 1352 545 1391 caussa
567 1335 865 1409 imagines,
897 1353 1086 1409 neque
1115 1332 1464 1409 triumphOS,
1504 1339 1610 1390 aut
1642 1334 1976 1391 consulatus
2007 1354 2124 1391 ma-

339 1432 534 1507 jorum
573 1447 854 1499 meorum,
884 1435 1176 1486 ostentare
1201 1450 1220 1501 3
1261 1434 1342 1500 at,
1384 1428 1434 1485 si
1474 1447 1566 1485 res
1605 1428 1874 1504 postulet,
1904 1429 2120 1502 hastam,
2226 1433 2232 1440 '

349 1524 645 1595 vexillum,
676 1524 956 1600 phaleras,
986 1524 1100 1581 alia
1126 1524 1409 1580 militaria
1435 1523 1587 1581 dona
1595 1544 1615 1595 3
1654 1529 1946 1599 praeterea,
1976 1526 2122 1583 cica-
2234 1509 2242 1524 ⁴

348 1622 519 1680 trices
545 1621 786 1678 adverso
819 1609 1071 1697 corpore.
1160 1603 1276 1677 Hae
1309 1626 1449 1678 sunt
1486 1639 1629 1677 meae
1668 1621 1966 1696 imagineS,
1997 1622 2122 1680 haec

344 1717 634 1787 nobilitaS,
664 1736 783 1774 non
821 1717 1145 1775 hereditate
1185 1716 1402 1788 relicta,
1437 1722 1508 1773 ut
1537 1717 1641 1773 illa
1673 1717 1806 1789 illis,
1849 1719 1951 1774 sed
1991 1739 2123 1795 quoe

345 1831 449 1888 ego
474 1813 740 1888 plurimis
766 1813 1061 1869 laboribus
1089 1818 1150 1870 et
1174 1813 1446 1888 periculis
1472 1814 1726 1888 quaesivi.
1811 1813 1953 1871 Non
1980 1823 2123 1874 sunt

228 1932 289 1972 η
345 1910 659 1984 composita
694 1910 872 1967 verba
904 1927 1070 1979 mea3
1113 1928 1321 1983 parum
1361 1909 1424 1965 id
1462 1909 1649 1981 facio3
1690 1909 1816 1984 ipsa
1834 1929 1903 1967 se
1928 1911 2121 1968 virtus

277 1986 288 2006 ι
343 2005 484 2061 satis
505 2005 800 2062 ostendit:
842 2005 963 2061 illis
987 2004 1236 2060 artificio
1276 2022 1419 2079 opus
1459 2008 1563 2073 est,
1593 1972 1924 2080 utissffrpia
1964 2005 2122 2062 facta

205 2127 248 2184 q
345 2103 603 2158 oratione
628 2108 847 2177 tegant.
927 2100 1139 2175 Neque
1165 2099 1392 2157 litteras
1420 2099 1646 2157 Graecas
1673 2100 1876 2180 Qi:
1912 2118 2119 2174 parum

292 2210 305 2234 ⁸
344 2196 610 2271 placebat
633 2215 731 2253 eas
758 2196 963 2268 dicere,
987 2196 1204 2271 quippe
1225 2213 1354 2270 quae
1380 2195 1455 2251 ad
1482 2194 1762 2276 virtutem
1783 2194 2120 2252 doctoribus

343 2292 493 2347 nihil
531 2293 888 2367 profuerunt.
971 2292 1063 2349 At
1105 2291 1227 2361 illa,
1276 2291 1463 2350 multo
1509 2291 1733 2365 optima
1765 2291 2118 2366 reipublicoe,

256 2387 306 2454 ‘-
345 2388 547 2461 doctus
590 2406 762 2458 sum3
816 2388 1044 2445 hostem
1098 2387 1288 2458 ferire,
1344 2385 1610 2461 praesidia
1654 2386 1910 2461 agitare:
1966 2387 2121 2444 nihil

343 2489 615 2557 metuere,
673 2485 789 2542 nisi
849 2490 1086 2559 turpem
1135 2482 1390 2555 famam3
1441 2483 1692 2540 hiemem
1741 2487 1802 2540 et
1855 2490 2120 2541 aestatem

336 2580 515 2654 juxta
540 2580 696 2655 pati3
738 2580 906 2637 humi
924 2582 1280 2656 requiescere
1292 2600 1314 2650 3
1348 2579 1549 2636 eodem
1574 2584 1833 2653 tempore
1856 2578 2118 2655 inopiam

274 2719 281 2728 .
343 2681 405 2732 et
429 2676 682 2732 laborem
711 2677 969 2733 tolerare.
1056 2675 1176 2733 His
1213 2694 1319 2751 ego
1355 2675 1656 2750 praeceptis
1682 2674 1900 2731 milites
1925 2674 2118 2733 horta—

342 2773 474 2852 bor:
525 2791 714 2848 neque
756 2760 910 2829 illos'
936 2778 1094 2828 arcte
1137 2772 1340 2843 colam,
1385 2790 1477 2828 me
1519 2770 1868 2845 opulenter3
1924 2789 2118 2847 neque

341 2868 586 2944 gloriam
613 2888 799 2926 meam
827 2869 1091 2926 laborum
1116 2868 1350 2924 illorum
1374 2867 1599 2925 faciam.
1671 2865 1806 2923 Hoc
1832 2872 1924 2923 est
1950 2868 2116 2937 utile,

238 2981 262 2991 ‘
343 2964 450 3021 hoc
478 2963 648 3020 civile
675 2964 998 3038 imperium.
1057 2963 1347 3039 Namque,
1370 2982 1502 3019 cum
1530 2967 1660 3020 tute
1679 2981 1786 3037 per
1805 2962 2115 3028 mollitiem

259 3049 268 3068 ⁸
342 3077 493 3133 agaS,
517 3049 837 3116 exercitum
863 3058 1141 3149 supplicio
1159 3077 1384 3133 cogere,
1410 3057 1476 3113 id
1501 3063 1604 3126 est,
1635 3057 1954 3128 dominum,
1997 3076 2117 3114 non

287 3167 292 3206 ε
344 3155 765 3227 imperatorem,
798 3172 933 3213 esse.
1019 3153 1167 3211 Haec
1218 3162 1394 3229 atque
1446 3153 1591 3210 talia
1633 3153 1881 3227 majores
1932 3156 2116 3210 vestri

293 3237 294 3246 ¹
344 3247 607 3304 faciendo
657 3266 834 3323 seque
878 3268 1115 3326 remque
1158 3250 1449 3324 publicam
1501 3249 1891 3307 celebravere:
1948 3253 2117 3326 queis

347 3342 617 3400 nobilitas
670 3344 834 3417 freta,
889 3346 1015 3422 ipsa
1046 3347 1352 3421 dissimilis
1378 3347 1666 3418 moribus,
1723 3365 1829 3403 nos
1837 3376 1859 3396 c
1873 3346 2135 3406 illorum*
