2292 3692
319 239 356 297 8
754 233 958 299 SALL
972 231 1203 293 USTII
1254 229 1669 292 CATILINA.

317 386 631 463 republica,
689 404 769 443 ex
819 385 990 442 bonis
1052 383 1243 442 initiis
1301 382 1487 440 malos
1543 385 1790 440 eventus
1848 379 2061 467 habuit
2082 401 2099 453 ;

315 503 518 560 rapere
544 501 761 555 omnes,
781 481 1030 553 trahere,
1051 480 1292 538 domum
1305 479 1474 550 alius,
1496 478 1649 537 alius
1666 497 1834 555 agros
1859 497 2099 555 cupere:

315 599 509 657 neque
533 578 790 650 modum,
819 597 1011 655 neque
1035 576 1381 635 modestiam
1406 576 1657 634 victores
1682 575 1911 646 habere,
1949 575 2103 632 foeda

313 675 686 751 crudeliaque
712 674 776 731 in
803 674 1030 732 civibus
1056 674 1316 731 facinora
1339 673 1543 733 faeere.
1614 671 1756 731 Huc
1771 673 2097 745 accedebat,

314 775 472 852 quod
493 775 560 835 L.
588 775 752 835 Sulla
771 774 1112 845 exereitum,
1133 791 1310 850 quem
1331 773 1397 830 in
1416 771 1575 829 Asia
1591 771 1951 843 ductaverat,
1983 790 2102 848 quo

313 871 428 929 sibi
454 871 641 928 fidum
685 871 922 942 faceret,
962 877 1171 929 contra
1205 888 1427 927 morem
1461 867 1766 945 majorum,
1797 866 2102 925 luxuriose

312 967 606 1042 nimisque
628 965 952 1024 liberaliter
975 966 1295 1039 habuerat3
1335 965 1463 1023 loca.
1480 983 1724 1036 amoena,
1747 964 2099 1040 voluptaria,

312 1058 489 1121 facile
509 1064 573 1120 in
602 1064 723 1120 otio
750 1064 968 1121 feroces
993 1051 1255 1121 militum
1276 1062 1501 1120 animos
1529 1061 1915 1119 molliverant.
2001 1060 2100 1129 Ibi

312 1160 570 1236 primum
610 1148 870 1218 insuevit
905 1159 1197 1218 exereitus
1232 1158 1435 1236 populi
1471 1157 1727 1216 Romani
1760 1176 1973 1230 amare,
2001 1176 2102 1233 po-

311 1262 438 1314 tare
457 1275 477 1328 3
519 1255 699 1332 signa,
727 1255 957 1315 tabulas
983 1257 1188 1332 pietas,
1210 1275 1349 1314 vasa
1375 1255 1576 1313 eaelata
1603 1254 1806 1312 mirari
1825 1275 1844 1328 3
1886 1272 1957 1312 ea
1982 1255 2102 1331 pri-

314 1353 505 1411 vatim
538 1372 608 1411 ae
634 1352 866 1429 publice
897 1372 1101 1429 rapere
1120 1371 1140 1426 3
1181 1352 1425 1411 delubra
1453 1352 1699 1429 spoliare
1718 1371 1736 1424 ;
1777 1369 1943 1413 saera
1968 1370 2100 1427 pro-

310 1448 564 1525 fanaque
610 1448 808 1506 om'nia
842 1448 1118 1524 polluere.
1202 1447 1401 1525 Igitur
1434 1447 1498 1505 hi
1525 1447 1759 1519 milites,
1788 1453 2101 1524 postquam

310 1545 617 1604 victoriam
633 1544 832 1621 adepti
852 1551 1008 1617 sunt,
1031 1545 1183 1603 nihil
1200 1545 1416 1621 reliqui
1430 1545 1603 1603 vietis
1618 1544 1817 1601 fecere.
1865 1542 2100 1618 Quippe

294 1641 578 1727 secundae
599 1661 693 1699 res
712 1642 1068 1718 sapientium
1082 1643 1309 1700 animos
1328 1642 1585 1718 fatigant
1607 1662 1623 1701 ε
1661 1661 1739 1701 ne
1758 1641 1850 1700 illi
1865 1660 2101 1718 eorrup-

184 1756 203 1783 κ
312 1736 392 1794 tis
417 1736 694 1808 moribus,
725 1737 984 1796 victoriae
1011 1744 1429 1814 temperarent.

433 1832 588 1890 XII.
673 1832 996 1910 Postquam
1055 1828 1292 1892 divitioe'
1341 1833 1552 1892 honori
1592 1852 1829 1911 eoepere,
1886 1838 1947 1891 et
1999 1851 2101 1891 eas

307 1927 513 2006 gloria,
553 1929 883 2006 imperium,
922 1932 1189 2005 potentia.
1222 1932 1613 2007 sequebatur3
1653 1929 1958 2000 hebescere
1983 1931 2102 1989 vir-

309 2033 425 2098 tus,
471 2032 786 2102 paupertas
820 2027 1033 2101 probro
1062 2026 1281 2099 haberi,
1330 2027 1669 2085 innocentia
1714 2002 2099 2103 pro—‘suauite-

307 2121 496 2180 lentia
554 2121 693 2178 duci
732 2122 922 2197 eoepit.
1006 2106 1222 2198 Ifgitur,
1280 2142 1359 2181 ex
1414 2123 1658 2196 divitiis,
1714 2124 2100 2199 juventutem

309 2216 550 2279 luxuria
574 2223 754 2294 atque
780 2218 1044 2291 avaritia,
1075 2238 1211 2276 cum
1237 2221 1524 2296 superbia,
1551 2221 1846 2305 invasere:
1873 2240 2120 2297 rapere„

309 2332 687 2386 consumere3
726 2332 836 2371 sua
868 2316 1038 2391 parvi
1078 2317 1350 2394 pendere,
1389 2318 1582 2376 aliena
1629 2338 1877 2395 oupere;
1917 2318 2101 2394 pudo-

310 2431 456 2483 rem,
516 2411 878 2489 pudicitiam,
937 2413 1142 2471 divina
1197 2421 1377 2492 atque
1432 2415 1691 2474 humana
1747 2413 2094 2493 promiscua,

160 2497 185 2513 '⁸
307 2508 464 2567 nihil
499 2508 666 2584 pensi
708 2526 898 2584 neque
943 2509 1232 2598 moderati
1278 2510 1508 2571 habere.
1592 2511 1797 2587 Operae
1837 2510 2098 2588 pretium

144 2610 157 2638 ι

308 2608 416 2676 est,
446 2622 632 2679 quum
676 2603 877 2662 domos
918 2594 1111 2682 αῢᾳῑῖἶ
1144 2606 1318 2664 villas
1362 2609 1702 2683 cognoveris
1743 2608 1811 2665 in
1856 2607 2100 2667 urbium

309 2701 550 2763 modum
577 2698 978 2775 exoedifieataS,
1010 2703 1199 2761 visere
1224 2704 1447 2780 templa
1471 2704 1730 2776 deorum,
1749 2724 1880 2780 quae
1905 2706 2099 2763 nostri

309 2799 575 2874 majores,
633 2796 1051 2874 religiosissimi
1103 2800 1395 2872 mortales,
1451 2800 1652 2860 feeere;
1735 2799 1965 2871 Verum
2002 2801 2100 2860 illi

310 2895 558 2954 delubra
582 2893 823 2952 deorum
849 2895 1085 2972 pietate,
1115 2897 1319 2953 domos
1345 2915 1479 2954 suas
1498 2895 1685 2973 gloria
1710 2895 2103 2970 decorabant3

282 3012 503 3071 -neque
528 2993 701 3050 vietis
734 2992 1073 3069 quidquam,
1113 2998 1327 3068 praeter
1360 2994 1592 3079 injuriae
1627 2992 1944 3063 licentiam,
1986 2994 2102 3050 eri-

254 3076 261 3087 ’
311 3087 567 3166 piebant.
649 3086 745 3144 At
769 3086 835 3143 hi
860 3094 1079 3160 eontra,
1111 3088 1475 3163 ignavissimi
1501 3089 1784 3161 homines,
1816 3107 1920 3166 per
1944 3107 2104 3147 sum-

312 3204 479 3243 mum
523 3182 708 3241 seelus
749 3182 946 3240 omnia
990 3202 1061 3240 ea.
1104 3185 1276 3242 sociis
1316 3186 1588 3257 adimere,
1632 3204 1765 3262 quse
1793 3185 2104 3244 fortissimi

313 3283 430 3340 viri
455 3281 705 3339 victores
730 3279 1119 3356 reliquerant:
1145 3282 1392 3358 proinde
1411 3282 1581 3362 quasi
1593 3283 1876 3361 injuriam
1888 3283 2097 3358 faeere,

156 3390 171 3399 “
264 3418 285 3469 ¹„
313 3377 379 3437 id
403 3378 640 3437 demum
665 3381 815 3459 esset
840 3377 1086 3457 imperio
1110 3379 1226 3445 ntis

2289 804 2292 857 1

2289 956 2292 1059 l

2287 1112 2292 1207 l

2289 1266 2292 1341 l

2285 1434 2292 1523 1

2285 1550 2292 1675 Ι

2287 1702 2292 1813 l

2288 1878 2290 1951 4

2289 2004 2290 2073 l
