2292 3692
344 228 421 286 48
565 214 571 220 ’
742 206 945 285 SALL
959 224 1198 284 USTJJ
1246 223 1413 282 JUG
1427 221 1723 281 URTHA.

341 378 600 457 tempore
642 381 826 438 semet
868 399 1003 438 cum
1045 378 1310 442 exercitu
1350 378 1565 436 adfore.
1646 377 1745 435 Ita
1783 379 2124 455 compositis

339 477 526 547 rebus,
556 474 621 530 in
660 461 997 550 lociquam
1042 474 1297 531 maxime
1338 473 1566 530 occulta
1591 472 1850 545 discedit,
1876 495 1946 532 ac
1987 489 2120 552 post

339 570 536 647 paullo
563 570 869 645 cognoscit,
902 569 1160 626 Marium
1188 589 1262 625 ex
1289 568 1500 625 itinere
1526 568 1953 625 frumentatum
1982 589 2117 627 cum

339 667 539 744 paucis
564 666 895 722 cohortibus
923 664 1146 740 Sicca-n)
1173 666 1410 720 missum
1432 683 1450 735 3
1489 664 1648 739 quod
1682 665 1963 740 oppidum
2005 669 2123 743 pri·

290 749 300 758 ’
340 782 502 819 mum
540 764 801 818 omnium
827 768 960 837 post
985 761 1197 817 malam
1226 780 1481 836 pugnam
1519 761 1592 816 ab
1633 779 1766 836 rege
1807 763 2114 822 defecerat·

346 860 432 918 Eo
459 881 591 919 cum
619 861 855 918 delectis
888 861 1181 937 equitibus
1213 871 1392 917 noctu
1425 862 1632 936 pergit,
1663 869 1725 919 et
1742 862 1866 937 jam
1895 866 2118 938 egredi-

340 958 573 1015 entibus
602 958 883 1015 Romanis
912 960 971 1015 in
1003 969 1170 1035 porta
1198 978 1452 1034 pugnam
1480 958 1621 1015 facit
1644 978 1659 1016 :
1700 960 1874 1017 simul
1902 980 2117 1037 magna

338 1070 477 1109 voce
505 1053 792 1111 Siccenses
821 1055 1104 1122 hortatur,
1138 1055 1274 1111 “uti
1302 1054 1564 1111 cohortes
1589 1056 1663 1111 ab
1683 1061 1847 1131 tergo
1874 1058 2118 1116 circum-

338 1152 611 1210 veniant:
652 1152 947 1208 fortunam
969 1151 1230 1227 praeclari
1252 1152 1522 1208 facinoris
1542 1171 1736 1209 casum
1757 1154 1893 1211 dare
1918 1177 1932 1214 :
1976 1155 2031 1212 si
2057 1158 2116 1214 id

299 1318 305 1325 ¹
338 1245 593 1318 fecerint,
638 1253 840 1322 postea
879 1265 1000 1302 sese
1040 1247 1104 1302 in
1144 1266 1337 1321 regno,
1384 1247 1515 1303 illos
1554 1248 1617 1303 in
1655 1248 1945 1318 libertate,
1990 1252 2116 1308 sine

310 1348 499 1398 'metu
539 1348 770 1399 aetatem
810 1342 1093 1401 actur08.”
1172 1344 1282 1413 Ac,
1324 1341 1390 1398 ni
1431 1342 1655 1399 Marius
1677 1327 1858 1418 'signa
1897 1344 2117 1403 inferre

336 1445 513 1514 atque
565 1424 806 1496 evadere
859 1439 1070 1515 oppido
1113 1440 1551 1515 properavisset,
1595 1440 1852 1515 profecto
1893 1441 2112 1518 cuncti,

337 1544 443 1591 aut
471 1554 681 1608 magna
708 1555 841 1611 pars
878 1536 1233 1592 Siccensium
1271 1534 1444 1591 fidem
1484 1537 1900 1593 mutavissent:
1944 1541 2118 1593 tanta

337 1631 659 1710 mobilitate
676 1627 798 1688 sese
819 1631 1094 1688 Numidae
1113 1637 1311 1705 agunt.
1372 1630 1485 1688 Sed
1503 1632 1718 1688 milites
1736 1631 1779 1687 J
1784 1633 2112 1708 ugurthini,

334 1726 651 1803 paullisper
702 1728 777 1783 ab
828 1747 960 1803 rege
1020 1725 1350 1798 sustentati,
1408 1733 1716 1803 postquam
1774 1729 1998 1803 majore
2050 1731 2116 1787 vi

250 1891 264 1908 ἱ
333 1824 528 1883 hostes
554 1831 780 1901 urgent,
810 1826 1008 1901 paucis
1034 1826 1273 1897 amissis,
1305 1824 1538 1900 prgfflgi
1562 1825 1883 1883 discedunt.

453 1921 656 1979 LVII.
741 1922 969 1979 Marius
996 1923 1067 1979 ad
1098 1922 1336 1979 Zamam
1371 1922 1672 1997 pervenit:
1713 1921 1774 1979 id
1815 1924 2112 1998 oppidum,

332 2017 397 2075 in
436 2039 636 2095 campo
678 2019 873 2090 situm,
905 2020 1089 2095 magis
1131 2013 1318 2095 opere,
1348 2039 1522 2095 quam
1553 2025 1782 2087 natura,
1811 2021 2112 2076 munitum

333 2122 459 2172 erat
478 2137 496 2188 3
538 2116 757 2172 nullius
783 2116 1002 2172 idoneae
1030 2116 1115 2171 rei
1142 2134 1334 2190 egene,
1364 2116 1542 2172 armis
1569 2115 1843 2189 virisque,
1874 2114 2115 2189 opulen-

332 2217 476 2269 tum.
562 2211 759 2285 Igitur
784 2211 1076 2283 Metellus,
1108 2231 1215 2287 pro
1240 2218 1501 2287 tempore
1529 2216 1705 2286 atque
1731 2211 1856 2268 loco
1888 2213 2114 2287 paratis

333 2307 522 2378 rebuS,
580 2316 790 2367 cuncta
841 2311 1055 2367 moenia
1109 2310 1372 2367 exercitu
1427 2308 1847 2366 circumvenit:
1903 2310 2115 2385 legatis

334 2403 597 2477 imperat,
624 2405 724 2462 ubi
751 2406 995 2482 quisque
1023 2412 1252 2463 curaret
1278 2426 1291 2462 ε
1321 2406 1544 2476 deinde,
1563 2405 1728 2479 signo
1755 2404 1908 2475 dato,
1938 2406 2114 2463 undi-

336 2518 450 2574 que
476 2484 646 2556 simul
676 2502 890 2557 clamor
907 2502 1110 2577 ingens
1138 2501 1328 2558 oritur
1350 2522 1363 2558 :
1391 2521 1580 2577 neque
1607 2520 1674 2557 ea
1700 2520 1790 2558 res
1817 2501 2114 2558 Numidas

335 2601 557 2667 terret;
598 2596 809 2653 infensi
846 2598 1176 2674 intentique
1215 2598 1340 2654 sine
1367 2596 1629 2654 tumultu
1656 2601 1925 2654 manent:
1968 2616 2113 2672 prae-

335 2691 481 2748 lium
526 2692 820 2769 incipitur.
908 2689 1182 2766 Romani,
1225 2712 1330 2769 pro
1383 2692 1618 2768 ingenio
1671 2694 1932 2767 quisque,
1976 2714 2113 2769 pars

335 2794 562 2851 eminus
590 2795 798 2871 glande
835 2802 939 2853 aut
974 2787 1266 2871 lapidibus
1299 2814 1559 2870 pugnare
1584 2814 1602 2865 3
1643 2793 1745 2850 alii
1784 2794 2109 2867 succedere,

264 2887 273 2897 ’
333 2910 401 2947 ac
439 2910 673 2948 murum
712 2893 883 2948 modo
923 2893 1243 2961 subfodere,
1282 2891 1452 2947 modo
1485 2889 1652 2947 scalis
1691 2889 1974 2964 adgredi:
2019 2909 2114 2947 cu-

333 3005 470 3062 pere
495 2988 759 3062 praelium
790 2984 901 3067 [in]
937 2990 1202 3045 manibus
1229 2987 1429 3046 facere.
1491 2987 1709 3044 Contra
1736 3005 1803 3043 ea
1828 2986 2111 3062 oppidani

334 3081 398 3137 in
438 3083 734 3157 proximos
773 3102 912 3139 saxa
951 3085 1218 3142 volvere:
1261 3084 1448 3153 sudes,
1489 3082 1627 3157 pila,
1671 3087 1957 3157 praeterea
1981 3084 2112 3158 pice

336 3184 399 3233 et
422 3177 698 3254 sulphure
723 3178 937 3235 taedam
978 3180 1227 3235 mixtam
1267 3177 1497 3234 ardenti
1523 3178 1773 3233 mittere.
1857 3175 1975 3233 Sed
2003 3195 2112 3233 nec

335 3271 482 3344 illos,
524 3274 628 3350 qui
666 3274 865 3350 procul
906 3281 1254 3346 manserant,
1299 3274 1478 3331 timor
1514 3273 1697 3330 animi
1736 3272 1878 3329 satis
1917 3274 2113 3329 muni·

337 3372 539 3423 verat:
593 3387 729 3425 nam
784 3370 1083 3446 plerosque
1129 3369 1345 3445 jacula,
1401 3368 1712 3428 tormentis
1765 3374 1871 3425 aut
1924 3387 2108 3426 manu
