2292 3692
327 225 401 287 16
719 221 1173 285 SALLUSTJI
1217 219 1272 278 J
1276 219 1381 279 Ue*
1392 217 1688 279 URTHA.

320 373 611 433 animalia.
694 371 810 431 Sed
835 370 941 448 qui
965 368 1243 428 mortales
1266 368 1441 426 initio
1466 367 1732 425 Africam
1767 366 2111 443 habuerint,

320 472 540 547 quique
577 476 781 547 postea
817 467 1183 534 accesserint,
1212 472 1317 524 aut
1355 464 1644 541 quomodo
1684 464 1844 523 inter
1881 485 1943 525 se
1979 485 2123 543 per-

320 566 498 625 mixti
545 566 703 638 sini-03
758 582 1113 642 quamquam
1159 563 1234 620 ab
1282 580 1351 620 ea
1402 562 1572 633 fama,
1619 580 1749 637 quae
1802 561 2119 639 plerosque

321 667 567 737 obtinet,
592 664 887 722 diversum
914 669 1001 719 est
1021 681 1039 734 3
1078 667 1293 732 tamen,
1314 659 1407 717 uti
1434 678 1509 716 ex
1536 659 1702 716 libris
1725 659 1979 732 Punicis,
2001 660 2118 736 qui

320 763 473 838 regis
512 755 871 836 Hiempsalis
911 759 1271 827 dicebantur,
1301 758 1758 833 interpretatum
1792 758 1960 816 nobis
1995 764 2110 832 est,

319 859 528 935 utique
580 875 704 914 rem
758 875 881 914 sese
927 855 1140 912 habere
1187 853 1438 910 cultores
1485 853 1611 929 ejus
1651 859 1823 911 terrae
1870 859 2108 931 putant,

321 969 499 1029 quam
524 950 884 1027 paucissimis
913 949 1117 1008 dicam.
1192 947 1467 1005 Ceterum
1493 946 1636 1004 fides
1663 948 1788 1023 ejus
1814 949 1901 1005 rei
1926 965 2115 1025 penes

321 1056 586 1106 auctores
615 1048 741 1106 erit.

439 1144 698 1202 XVIII.
780 1142 1047 1200 Africam
1071 1141 1250 1199 initio
1267 1140 1521 1197 habuere
1543 1138 1762 1198 Gaetuli
1787 1143 1849 1198 et
1869 1138 2111 1216 Libyes,

322 1243 528 1318 asperi,
550 1239 761 1298 inculti
781 1260 800 1312 3
830 1239 995 1315 queis
1015 1237 1181 1295 cibus
1208 1243 1336 1294 erat
1361 1255 1493 1294 caro
1513 1236 1715 1308 ferina,
1734 1242 1916 1313 atque
1935 1237 2114 1296 humi

322 1338 616 1416 pabulum,
635 1337 728 1393 uti
748 1335 1064 1412 pecoribus.
1136 1333 1228 1391 Hi
1247 1352 1436 1409 neque
1456 1333 1729 1404 moribus,
1751 1351 1938 1410 neque
1957 1335 2108 1413 lege,

328 1452 512 1511 neque
547 1433 793 1509 imperio
820 1431 1181 1507 cujusquam,
1209 1431 1598 1505 regebantur:
1639 1430 1790 1507 vagi,
1820 1431 2109 1506 palantoe,

322 1551 442 1607 qua
478 1549 600 1588 nox
640 1534 920 1605 coegerat,
948 1528 1110 1585 sedes
1149 1527 1457 1585 habebant.
1544 1526 1673 1598 Sed,
1705 1533 2015 1604 postquam
2042 1530 2112 1587 in

324 1626 619 1704 Hispania
658 1624 959 1696 Hercules,
1005 1623 1181 1680 sicuti
1219 1622 1359 1679 Afri
1399 1628 1629 1699 putant,
1664 1623 1915 1695 interiit,
1945 1642 2113 1682 exer-

322 1724 477 1782 citus
502 1723 642 1799 ejus,
671 1720 1025 1795 compositus
1052 1738 1128 1775 ex
1155 1705 1334 1776 variis
1370 1719 1657 1794 gentibus,
1689 1719 1901 1776 amisso
1939 1720 2105 1791 duee,

321 1839 389 1877 ac
427 1819 640 1896 passim
680 1817 899 1887 multis,
941 1816 1055 1872 sibi
1095 1815 1359 1891 quisque,
1403 1814 1715 1891 imperium
1750 1816 2106 1891 petentibus,

322 1916 488 1974 brevi
553 1914 847 1972 dilabitur.
931 1912 1030 1969 Ex
1095 1931 1164 1969 eo
1230 1930 1472 1969 numero
1535 1911 1717 1984 Medi,
1775 1911 1984 1985 Persae,
2045 1922 2111 1971 et

321 2012 615 2082 Armenii,
669 2010 917 2068 navibus
969 2009 1034 2066 in
1088 2009 1358 2066 Africam
1416 2008 1753 2081 transvecti,
1808 2009 2111 2085 proximos

321 2115 521 2167 nostro
546 2108 698 2165 mari
723 2107 876 2164 locos
901 2123 1268 2181 occupavere.
1354 2103 1469 2163 Sed
1505 2103 1699 2162 Persae
1739 2105 1904 2163 intra
1942 2125 2109 2165 ocea-

322 2224 468 2262 num
493 2203 715 2280 magis:
755 2204 917 2278 iique
940 2201 1133 2259 alveos
1160 2202 1402 2258 navium
1426 2198 1690 2259 inversos
1714 2220 1823 2278 pro
1850 2202 2110 2278 tuguriis

323 2302 592 2373 habuere,
620 2300 759 2375 quia
796 2317 987 2375 neque
1024 2299 1273 2355 materia
1311 2299 1375 2355 in
1415 2297 1584 2374 agris,
1614 2317 1808 2375 neque
1847 2299 1923 2356 ab
1963 2298 2110 2356 His-

323 2398 492 2473 panis
531 2396 761 2454 emendi
800 2402 906 2453 aut
944 2395 1214 2452 mutandi
1239 2395 1407 2470 copia
1431 2400 1592 2452 erat:
1635 2413 1795 2453 mare
1822 2413 2104 2471 magnum

325 2498 387 2550 et
404 2493 610 2569 ignara
632 2491 836 2567 lingua
854 2491 1199 2548 commercia
1217 2489 1617 2566 prohibebant.
1685 2489 1776 2547 Hi
1795 2490 2108 2566 paullatim

324 2607 431 2666 per
468 2586 757 2645 connubia
783 2587 1043 2645 Gaetulos
1078 2604 1274 2644 secum
1301 2586 1582 2644 miscuere
1605 2605 1619 2643 ε
1661 2592 1737 2658 et,
1768 2587 1910 2663 quia
1935 2605 2104 2662 saepe,

324 2688 622 2743 tentantes
648 2701 830 2760 agros,
857 2681 988 2753 alia,
1019 2681 1229 2739 deinde
1254 2681 1370 2739 alia
1395 2682 1522 2739 loca
1546 2681 1896 2757 petiverant,
1919 2688 2109 2739 semet

322 2780 438 2857 ipsi
489 2778 786 2837 Nomadas
837 2777 1217 2855 adpellavere.
1304 2776 1580 2835 Ceterum
1623 2775 1816 2833 adhuc
1860 2775 2108 2833 aedificia

324 2875 720 2936 Numidarum
759 2876 1093 2952 agrestium,
1136 2894 1268 2950 quae
1312 2872 1565 2950 mapalia
1606 2872 1698 2929 illi
1735 2878 1967 2944 vocant,
2008 2873 2107 2930 ob-

324 2974 513 3049 longa,
553 2973 815 3030 incurvis
851 2971 1133 3028 lateribus
1171 2976 1343 3041 tecta,
1385 2969 1552 3047 quasi
1589 2967 1833 3025 navium
1871 2969 2105 3039 carinae,

325 3076 479 3126 sunt.
548 3069 716 3126 Medi
741 3073 940 3125 autem
965 3072 1028 3124 et
1052 3067 1328 3124 Armenii
1353 3084 1638 3123 accessere
1658 3064 1910 3139 Libyes·
1942 3063 2107 3143 (nam

215 3179 220 3184 ·
325 3165 391 3221 hi
429 3165 666 3241 propius
704 3183 865 3222 mare
900 3163 1177 3221 Africum
1214 3164 1532 3239 agitabant,
1578 3161 1798 3220 Gaetuli
1835 3160 1946 3220 sub
1985 3161 2108 3219 sole

327 3260 525 3335 magis,
543 3259 702 3317 haud
727 3259 930 3336 procul
955 3261 1031 3317 ab
1056 3260 1362 3318 ardoribus
1377 3258 1421 3337 ε)
1447 3259 1627 3336 hique
1645 3264 1877 3316 mature
1890 3258 2108 3335 oppida

327 3353 619 3428 babuere3
672 3374 827 3428 nam,
869 3356 1020 3415 freto
1064 3355 1240 3415 divisi
1277 3358 1351 3414 ab
1391 3355 1699 3433 Hispania,
1743 3359 1975 3412 mutare
2011 3373 2109 3412 res
