2292 3692
569 251 1017 314 SALLUSHI
1061 252 1114 310 J
1121 250 1541 316 UGURTHA.
1862 251 1935 314 61

156 403 359 463 omnia
392 402 667 480 jumenta
718 403 959 461 sarcinis
1000 402 1187 461 levari
1230 403 1418 479 jubet,
1471 403 1586 461 nisi
1645 403 1941 462 frumento

156 507 391 565 dierum
436 508 672 566 decem:
721 515 980 564 ceterum
1032 512 1196 565 utres
1248 507 1436 580 mode,
1487 514 1550 565 et
1600 508 1717 564 alia
1773 526 1940 584 aquae

155 604 373 663 iaonea
418 603 655 680 portari.
756 602 1047 662 Pmterea
1098 604 1393 680 eonquirit
1433 623 1510 662 ex
1561 605 1717 679 agris
1762 623 1941 681 quam

156 701 481 778 plurimum
520 705 713 777 potest
751 700 960 758 domiti
999 700 1222 776 peeoris
1231 720 1251 773 3
1295 705 1486 777 eoque‘
1514 701 1767 777 imponit
1801 721 1942 759 vasa

100 837 104 848 ·
155 797 441 872 cujusque
483 797 655 869 modi,
701 796 977 872 pleraque
1022 796 1232 872 lignea,
1277 797 1518 854 eolleeta
1567 816 1646 855 ex
1689 799 1940 875 tuguriis

94 917 108 966 f
156 896 577 954 Numidarum.
658 894 763 951 Ad
789 895 912 964 hoc,
957 895 1228 952 finitimis
1266 896 1534 970 imperat,
1577 895 1680 972 qui
1720 915 1782 953 se
1808 903 1941 972 post

96 969 108 996 ’
153 992 312 1069 regis
336 993 536 1068 fugam
563 991 810 1049 Metello
831 991 1122 1062 dederant,
1143 1011 1320 1068 quam
1347 991 1668 1068 plurimum
1693 994 1941 1069 quisque

154 1107 324 1165 aquae
363 1093 703 1164 portarent3
744 1086 900 1144 diem
939 1087 1261 1163 locumque,
1305 1089 1409 1145 ubi
1450 1094 1661 1164 praesto
1697 1089 1934 1160 fuerint,

154 1182 435 1259 praedicit
522 1181 660 1257 Ipse
700 1200 779 1238 ex
826 1181 1087 1254 flumine,
1131 1200 1311 1257 quam
1353 1182 1679 1257 proximam
1726 1184 1938 1260 oppido

155 1297 373 1355 aquam
413 1296 591 1354 supra
636 1278 911 1350 diximus,
938 1279 1210 1354 jumenta
1241 1286 1475 1337 oneratz
1518 1299 1585 1337 eo
1636 1280 1806 1338 modo
1851 1281 1938 1337 in-

157 1381 418 1432 structus
456 1375 533 1433 ad
570 1374 814 1432 Thalam
854 1374 1255 1450 proficiscitur.
1341 1374 1589 1447 Deinde,
1619 1376 1723 1433 ubi
1760 1375 1837 1433 ad
1874 1376 1938 1433 id

51 1533 62 1542 ‚
155 1472 272 1529 loei
310 1476 571 1542 ventum,
602 1490 721 1547 quo
746 1470 1025 1528 Numidis
1049 1476 1419 1547 praeceperat,
1447 1478 1510 1529 et
1534 1479 1724 1530 eastra
1747 1475 1987 1580 posita&c

156 1569 504 1644 munitaque
543 1574 701 1640 sunt,
741 1574 912 1625 tanta
949 1574 1190 1643 repente
1229 1568 1372 1626 ooelo
1427 1570 1604 1626 missa
1638 1569 1729 1627 vis
1770 1589 1937 1646 aquae

37 1667 40 1692 s
155 1666 392 1737 dieitur,
435 1671 506 1721 ut
554 1684 625 1722 ea
671 1665 844 1721 modo
897 1664 1184 1724 exercitui
1236 1665 1380 1724 satis
1434 1685 1724 1742 superque
1766 1668 1932 1727 foret.

159 1762 458 1828 Praeterea
498 1767 858 1818 commeatus
897 1780 998 1837 spe
1037 1762 1286 1837 amplior
1295 1782 1315 1834 3
1359 1763 1500 1838 quia
1541 1763 1833 1834 Numidae,
1863 1763 1937 1819 si-

155 1861 282 1918 euti
326 1858 590 1936 plerique
619 1858 696 1924 ‚in
739 1878 895 1915 nova
937 1858 1251 1930 deditione,
1307 1859 1494 1916 officia
1541 1858 1932 1918 intenderant.

156 1956 435 2014 Ceterum
472 1955 709 2026 milites,
752 1954 1049 2030 religione,
1087 1954 1292 2031 pluvia
1333 1955 1517 2030 magis
1562 1955 1694 2012 usi:
1755 1975 1935 2032 eaque

153 2072 249 2110 res
275 2052 532 2109 multum
563 2050 790 2108 animis
816 2070 1016 2109 eorum
1055 2051 1315 2124 addidit3
1356 2070 1495 2108 nam
1520 2052 1652 2123 rati,
1683 2070 1806 2109 sese
1845 2052 1935 2109 dis

154 2147 585 2205 immortalibus
628 2165 780 2205 ourae
828 2165 965 2206 esse.
1024 2146 1257 2206 Deinde
1300 2153 1532 2224 postero
1577 2148 1689 2221 die,
1732 2155 1937 2206 eontra

125 2227 491 2319 ‘opinionem
532 2240 864 2316 Jugurthae,
902 2241 979 2298 ad
1014 2241 1258 2300 Thalam
1295 2244 1661 2318 perveniunt.
1761 2245 1937 2322 Oppi-

154 2339 313 2411 dani,
356 2337 460 2413 qui
498 2356 559 2394 se
599 2337 857 2394 locorum
896 2340 1209 2415 asperitate
1248 2339 1512 2396 munitos
1550 2340 1931 2414 crediderant,

153 2452 370 2510 magna
394 2440 571 2509 atque
596 2433 834 2491 insolita
858 2453 924 2491 re
949 2435 1218 2510 perculsi,
1245 2434 1434 2492 nihilo
1459 2436 1691 2512 segnius
1716 2436 1935 2495 bellum

153 2547 394 2605 parare:
436 2530 593 2586 idem
617 2530 808 2587 nostri
834 2530 1039 2589 faeere.
1938 2517 1967 2547 “

276 2624 583 2683 LXXVI.
667 2625 781 2682 Sed
833 2644 956 2697 rex,
1012 2626 1163 2683 nihil
1197 2627 1325 2702 jam
1364 2626 1648 2686 infectum
1689 2629 1935 2689 Metello

101 2732 111 2775 t
154 2722 409 2793 credens,
452 2722 667 2798 quippe
702 2723 806 2798 qui
844 2724 1052 2794 omnia,
1082 2743 1258 2795 arma,
1288 2725 1420 2797 tela,
1453 2726 1622 2799 locos,
1651 2717 1929 2805 tempora,

153 2819 409 2894 denique
428 2824 700 2876 naturam
714 2820 919 2895 ipsam,
942 2822 1147 2879 ceteris
1168 2822 1621 2897 imperitantem,
1644 2826 1943 2884 industria'
1964 2833 2013 2852 “¹
2064 2825 2079 2850 ‘⁸
2116 2801 2121 2810 ἶ
2156 2833 2163 2842 “

154 2915 394 2987 vicerat,
418 2932 553 2972 cum
579 2914 781 2973 liberis
806 2922 868 2972 et
891 2935 1102 2993 magna
1127 2925 1294 2994 parte
1319 2922 1578 2995 pecuniae
1606 2940 1682 2977 ex
1722 2924 1935 2999 oppido

43 3015 50 3032 '
153 3017 337 3068 noctu
363 3011 653 3086 profugit:
698 3031 887 3088 neque
919 3020 1122 3089 postea
1146 3015 1212 3072 in
1239 3015 1361 3072 ullo
1388 3016 1512 3073 loeo
1537 3018 1788 3093 amplius
1814 3038 1934 3076 uno

154 3112 263 3182 die,
308 3116 418 3167 aut
462 3130 584 3167 una
639 3116 811 3168 nocte
862 3119 1138 3185 moratus,
1180 3113 1494 3174 simulabat
1546 3134 1667 3171 sese
1713 3116 1933 3190 negotii

152 3208 347 3284 gratia
372 3224 680 3283 properare
691 3225 711 3279 3
750 3217 1010 3265 ceterum
1035 3209 1424 3285 proditionem
1462 3210 1725 3281 timebat,
1755 3229 1931 3286 quam

152 3309 347 3364 vitare
372 3324 539 3382 posse
566 3305 862 3365 celeritate
888 3309 1166 3384 putabat:
1209 3328 1342 3366 nam
1373 3308 1516 3365 talia
1550 3309 1790 3366 consilia
1827 3329 1933 3386 per

45 3473 48 3484 μ
152 3405 364 3492 ostium,
407 3407 468 3460 et
522 3421 600 3460 ex
625 3404 1064 3480 opportunitate
1116 3407 1262 3481 capi.
1351 3405 1442 3462 At
1480 3403 1774 3477 Metellus,
1826 3406 1930 3465 ubi
