<?xml version="1.0" encoding="UTF-8"?>
<!DOCTYPE html PUBLIC "-//W3C//DTD XHTML 1.0 Transitional//EN"
    "http://www.w3.org/TR/xhtml1/DTD/xhtml1-transitional.dtd">
<html xmlns="http://www.w3.org/1999/xhtml" xml:lang="en" lang="en">
 <head>
  <title>
</title>
<meta http-equiv="Content-Type" content="text/html;charset=utf-8" />
  <meta name='ocr-system' content='tesseract 3.04.00' />
  <meta name='ocr-capabilities' content='ocr_page ocr_carea ocr_par ocr_line ocrx_word'/>
</head>
<body>
  <div class='ocr_page' id='page_1' title='image "./caiisallustiicr01merigoog_0240.png"; bbox 0 0 2292 3692; ppageno 0'>
   <div class='ocr_carea' id='block_1_1' title="bbox 326 259 1692 322">
    <p class='ocr_par' dir='ltr' id='par_1_1' title="bbox 326 259 1692 322">
     <span class='ocr_line' id='line_1_1' title="bbox 326 259 1692 322; baseline -0.001 0"><span class='ocrx_word' id='word_1_1' title='bbox 326 259 404 322; x_wconf 81' lang='lat'>78</span> <span class='ocrx_word' id='word_1_2' title='bbox 733 261 930 320; x_wconf 81' lang='lat' dir='ltr'><strong><em>SALL</em></strong></span> <span class='ocrx_word' id='word_1_3' title='bbox 945 260 1179 321; x_wconf 74' lang='lat' dir='ltr'><em>USTH</em></span> <span class='ocrx_word' id='word_1_4' title='bbox 1227 260 1278 318; x_wconf 92' lang='lat' dir='ltr'><em>J</em></span> <span class='ocrx_word' id='word_1_5' title='bbox 1284 260 1340 319; x_wconf 85' lang='lat' dir='ltr'><em>U</em></span> <span class='ocrx_word' id='word_1_6' title='bbox 1341 260 1390 319; x_wconf 72' lang='lat' dir='ltr'><em>G</em></span> <span class='ocrx_word' id='word_1_7' title='bbox 1402 260 1459 318; x_wconf 87' lang='lat' dir='ltr'><em>U</em></span> <span class='ocrx_word' id='word_1_8' title='bbox 1454 259 1692 321; x_wconf 70' lang='lat' dir='ltr'><strong><em>RTHA.</em></strong></span> 
     </span>
    </p>
   </div>
   <div class='ocr_carea' id='block_1_2' title="bbox 327 411 2109 973">
    <p class='ocr_par' dir='ltr' id='par_1_2' title="bbox 327 411 2109 973">
     <span class='ocr_line' id='line_1_2' title="bbox 327 411 2109 490; baseline -0.001 -18"><span class='ocrx_word' id='word_1_9' title='bbox 327 413 544 472; x_wconf 84' lang='lat' dir='ltr'>intenti</span> <span class='ocrx_word' id='word_1_10' title='bbox 571 412 969 490; x_wconf 77' lang='lat' dir='ltr'>praeliantibus</span> <span class='ocrx_word' id='word_1_11' title='bbox 987 412 1246 469; x_wconf 81' lang='lat' dir='ltr'>aderant.</span> <span class='ocrx_word' id='word_1_12' title='bbox 1305 411 1946 488; x_wconf 72' lang='lat' dir='ltr'>Exploratis-omnibus,</span> <span class='ocrx_word' id='word_1_13' title='bbox 1972 430 2109 488; x_wconf 82' lang='lat' dir='ltr'>quae</span> 
     </span>
     <span class='ocr_line' id='line_1_3' title="bbox 327 511 2104 586; baseline 0.001 -18"><span class='ocrx_word' id='word_1_14' title='bbox 327 517 466 568; x_wconf 82' lang='lat' dir='ltr'>mox</span> <span class='ocrx_word' id='word_1_15' title='bbox 503 512 635 568; x_wconf 86' lang='lat' dir='ltr'>usui</span> <span class='ocrx_word' id='word_1_16' title='bbox 665 511 788 568; x_wconf 87' lang='lat' dir='ltr'>fore</span> <span class='ocrx_word' id='word_1_17' title='bbox 821 512 1083 582; x_wconf 83' lang='lat' dir='ltr'>ducebat,</span> <span class='ocrx_word' id='word_1_18' title='bbox 1115 512 1315 567; x_wconf 82' lang='lat' dir='ltr'>eadem</span> <span class='ocrx_word' id='word_1_19' title='bbox 1352 511 1690 586; x_wconf 73' lang='lat' dir='ltr'>regreditur,</span> <span class='ocrx_word' id='word_1_20' title='bbox 1726 530 1844 568; x_wconf 89' lang='lat' dir='ltr'>non</span> <span class='ocrx_word' id='word_1_21' title='bbox 1873 513 2104 584; x_wconf 87' lang='lat' dir='ltr'>timere,</span> 
     </span>
     <span class='ocr_line' id='line_1_4' title="bbox 329 608 2103 682; baseline 0.001 -18"><span class='ocrx_word' id='word_1_22' title='bbox 329 609 421 664; x_wconf 78' lang='lat' dir='ltr'>uti</span> <span class='ocrx_word' id='word_1_23' title='bbox 462 608 810 677; x_wconf 75' lang='lat' dir='ltr'>escenderat,</span> <span class='ocrx_word' id='word_1_24' title='bbox 852 608 953 663; x_wconf 90' lang='lat' dir='ltr'>sed</span> <span class='ocrx_word' id='word_1_25' title='bbox 1000 613 1237 663; x_wconf 87' lang='lat' dir='ltr'>tentans</span> <span class='ocrx_word' id='word_1_26' title='bbox 1283 608 1478 663; x_wconf 89' lang='lat' dir='ltr'>omnia</span> <span class='ocrx_word' id='word_1_27' title='bbox 1517 613 1577 663; x_wconf 91' lang='lat' dir='ltr'>et</span> <span class='ocrx_word' id='word_1_28' title='bbox 1617 608 2103 682; x_wconf 85' lang='lat' dir='ltr'>circumspiciens.</span> 
     </span>
     <span class='ocr_line' id='line_1_5' title="bbox 331 702 2108 780; baseline 0.001 -20"><span class='ocrx_word' id='word_1_29' title='bbox 331 703 544 780; x_wconf 87' lang='lat' dir='ltr'>Itaque</span> <span class='ocrx_word' id='word_1_30' title='bbox 571 703 828 760; x_wconf 84' lang='lat' dir='ltr'>Marium</span> <span class='ocrx_word' id='word_1_31' title='bbox 855 723 1094 779; x_wconf 83' lang='lat' dir='ltr'>propere</span> <span class='ocrx_word' id='word_1_32' title='bbox 1126 704 1268 774; x_wconf 88' lang='lat' dir='ltr'>adit,</span> <span class='ocrx_word' id='word_1_33' title='bbox 1300 708 1430 759; x_wconf 85' lang='lat' dir='ltr'>acta</span> <span class='ocrx_word' id='word_1_34' title='bbox 1462 703 1678 775; x_wconf 80' lang='lat' dir='ltr'>edocet,</span> <span class='ocrx_word' id='word_1_35' title='bbox 1708 702 1998 776; x_wconf 81' lang='lat' dir='ltr'>hortatur,</span> <span class='ocrx_word' id='word_1_36' title='bbox 2028 706 2108 761; x_wconf 89' lang='lat' dir='ltr'>ab</span> 
     </span>
     <span class='ocr_line' id='line_1_6' title="bbox 327 800 2107 879; baseline 0.001 -22"><span class='ocrx_word' id='word_1_37' title='bbox 327 818 401 857; x_wconf 83' lang='lat' dir='ltr'>ea</span> <span class='ocrx_word' id='word_1_38' title='bbox 435 806 617 876; x_wconf 83' lang='lat' dir='ltr'>parte,</span> <span class='ocrx_word' id='word_1_39' title='bbox 656 819 773 875; x_wconf 92' lang='lat' dir='ltr'>qua</span> <span class='ocrx_word' id='word_1_40' title='bbox 806 800 928 875; x_wconf 87' lang='lat' dir='ltr'>ipse</span> <span class='ocrx_word' id='word_1_41' title='bbox 956 800 1305 869; x_wconf 74' lang='lat' dir='ltr'>escenderat,</span> <span class='ocrx_word' id='word_1_42' title='bbox 1344 800 1650 856; x_wconf 86' lang='lat' dir='ltr'>castellum·</span> <span class='ocrx_word' id='word_1_43' title='bbox 1670 806 1892 858; x_wconf 88' lang='lat' dir='ltr'>tentet:</span> <span class='ocrx_word' id='word_1_44' title='bbox 1934 802 2107 879; x_wconf 88' lang='lat' dir='ltr'>polli-</span> 
     </span>
     <span class='ocr_line' id='line_1_7' title="bbox 331 896 2106 973; baseline -0.001 -18"><span class='ocrx_word' id='word_1_45' title='bbox 331 903 498 955; x_wconf 86' lang='lat' dir='ltr'>cetur</span> <span class='ocrx_word' id='word_1_46' title='bbox 546 915 666 952; x_wconf 83' lang='lat' dir='ltr'>sese</span> <span class='ocrx_word' id='word_1_47' title='bbox 711 896 938 953; x_wconf 89' lang='lat' dir='ltr'>itineris</span> <span class='ocrx_word' id='word_1_48' title='bbox 984 896 1341 973; x_wconf 83' lang='lat' dir='ltr'>periculique</span> <span class='ocrx_word' id='word_1_49' title='bbox 1388 898 1604 956; x_wconf 87' lang='lat' dir='ltr'>ducem.</span> <span class='ocrx_word' id='word_1_50' title='bbox 1690 897 1919 954; x_wconf 87' lang='lat' dir='ltr'>Marius</span> <span class='ocrx_word' id='word_1_51' title='bbox 1969 917 2106 955; x_wconf 91' lang='lat' dir='ltr'>cum</span> 
     </span>
    </p>
   </div>
   <div class='ocr_carea' id='block_1_3' title="bbox 332 993 2100 1074">
    <p class='ocr_par' dir='ltr' id='par_1_3' title="bbox 225 985 2100 1074">
     <span class='ocr_line' id='line_1_8' title="bbox 332 993 2100 1074; baseline 0.002 -25.772"><span class='ocrx_word' id='word_1_52' title='bbox 332 993 564 1069; x_wconf 84' lang='lat' dir='ltr'>Ligure,</span> <span class='ocrx_word' id='word_1_53' title='bbox 595 993 1018 1074; x_wconf 21' lang='lat' dir='ltr'>promissaffiejus</span> <span class='ocrx_word' id='word_1_54' title='bbox 1045 995 1358 1068; x_wconf 86' lang='lat' dir='ltr'>cognitum,</span> <span class='ocrx_word' id='word_1_55' title='bbox 1390 1013 1464 1051; x_wconf 85' lang='lat' dir='ltr'>ex</span> <span class='ocrx_word' id='word_1_56' title='bbox 1489 995 1869 1069; x_wconf 70' lang='lat' dir='ltr'>praesentibus</span> <span class='ocrx_word' id='word_1_57' title='bbox 1903 995 2100 1053; x_wconf 89' lang='lat' dir='ltr'>misit:</span> 
     </span>
    </p>
   </div>
   <div class='ocr_carea' id='block_1_4' title="bbox 332 1083 2104 2414">
    <p class='ocr_par' dir='ltr' id='par_1_4' title="bbox 332 1083 2104 1720">
     <span class='ocr_line' id='line_1_9' title="bbox 332 1083 2103 1166; baseline 0.001 -19"><span class='ocrx_word' id='word_1_58' title='bbox 332 1108 580 1165; x_wconf 89' lang='lat' dir='ltr'>quorum</span> <span class='ocrx_word' id='word_1_59' title='bbox 612 1092 703 1148; x_wconf 90' lang='lat' dir='ltr'>uti</span> <span class='ocrx_word' id='word_1_60' title='bbox 736 1091 1010 1165; x_wconf 80' lang='lat' dir='ltr'>cujusque</span> <span class='ocrx_word' id='word_1_61' title='bbox 1045 1083 1345 1166; x_wconf 83' lang='lat' dir='ltr'>ingenium</span> <span class='ocrx_word' id='word_1_62' title='bbox 1377 1098 1519 1161; x_wconf 90' lang='lat' dir='ltr'>erat,</span> <span class='ocrx_word' id='word_1_63' title='bbox 1548 1091 1634 1146; x_wconf 89' lang='lat' dir='ltr'>ita</span> <span class='ocrx_word' id='word_1_64' title='bbox 1659 1110 1782 1148; x_wconf 92' lang='lat' dir='ltr'>rem</span> <span class='ocrx_word' id='word_1_65' title='bbox 1810 1092 2103 1149; x_wconf 84' lang='lat' dir='ltr'>difficilem</span> 
     </span>
     <span class='ocr_line' id='line_1_10' title="bbox 332 1185 2103 1263; baseline 0.001 -21"><span class='ocrx_word' id='word_1_66' title='bbox 332 1191 439 1242; x_wconf 87' lang='lat' dir='ltr'>aut</span> <span class='ocrx_word' id='word_1_67' title='bbox 463 1186 689 1242; x_wconf 76' lang='lat' dir='ltr'>facilem</span> <span class='ocrx_word' id='word_1_68' title='bbox 717 1185 1076 1244; x_wconf 86' lang='lat' dir='ltr'>nunciavere.</span> <span class='ocrx_word' id='word_1_69' title='bbox 1165 1185 1431 1243; x_wconf 81' lang='lat' dir='ltr'>Consulis</span> <span class='ocrx_word' id='word_1_70' title='bbox 1463 1187 1689 1243; x_wconf 85' lang='lat' dir='ltr'>animus</span> <span class='ocrx_word' id='word_1_71' title='bbox 1714 1193 1912 1243; x_wconf 88' lang='lat' dir='ltr'>tamen</span> <span class='ocrx_word' id='word_1_72' title='bbox 1938 1189 2103 1263; x_wconf 90' lang='lat' dir='ltr'>paul-</span> 
     </span>
     <span class='ocr_line' id='line_1_11' title="bbox 332 1280 2104 1355; baseline 0.002 -19"><span class='ocrx_word' id='word_1_73' title='bbox 332 1280 458 1338; x_wconf 89' lang='lat' dir='ltr'>lum</span> <span class='ocrx_word' id='word_1_74' title='bbox 504 1288 777 1338; x_wconf 78' lang='lat' dir='ltr'>arrectuS.</span> <span class='ocrx_word' id='word_1_75' title='bbox 861 1281 1072 1355; x_wconf 88' lang='lat' dir='ltr'>Itaque</span> <span class='ocrx_word' id='word_1_76' title='bbox 1119 1300 1196 1337; x_wconf 83' lang='lat' dir='ltr'>ex</span> <span class='ocrx_word' id='word_1_77' title='bbox 1241 1282 1406 1355; x_wconf 89' lang='lat' dir='ltr'>copia</span> <span class='ocrx_word' id='word_1_78' title='bbox 1451 1281 1771 1338; x_wconf 75' lang='lat' dir='ltr'>tubicinum</span> <span class='ocrx_word' id='word_1_79' title='bbox 1814 1288 1876 1338; x_wconf 92' lang='lat' dir='ltr'>et</span> <span class='ocrx_word' id='word_1_80' title='bbox 1917 1284 2104 1339; x_wconf 83' lang='lat' dir='ltr'>corni-</span> 
     </span>
     <span class='ocr_line' id='line_1_12' title="bbox 334 1376 2103 1452; baseline 0.001 -19"><span class='ocrx_word' id='word_1_81' title='bbox 334 1377 547 1447; x_wconf 83' lang='lat' dir='ltr'>cinum,</span> <span class='ocrx_word' id='word_1_82' title='bbox 577 1395 818 1432; x_wconf 88' lang='lat' dir='ltr'>numero</span> <span class='ocrx_word' id='word_1_83' title='bbox 850 1376 1122 1451; x_wconf 87' lang='lat' dir='ltr'>quinque,</span> <span class='ocrx_word' id='word_1_84' title='bbox 1157 1396 1327 1451; x_wconf 88' lang='lat' dir='ltr'>quam</span> <span class='ocrx_word' id='word_1_85' title='bbox 1359 1376 1742 1433; x_wconf 84' lang='lat' dir='ltr'>velocissimos</span> <span class='ocrx_word' id='word_1_86' title='bbox 1778 1376 2012 1452; x_wconf 87' lang='lat' dir='ltr'>delegit,</span> <span class='ocrx_word' id='word_1_87' title='bbox 2043 1385 2103 1434; x_wconf 89' lang='lat' dir='ltr'>et</span> 
     </span>
     <span class='ocr_line' id='line_1_13' title="bbox 335 1471 2102 1547; baseline 0 -18"><span class='ocrx_word' id='word_1_88' title='bbox 335 1492 467 1529; x_wconf 87' lang='lat' dir='ltr'>cum</span> <span class='ocrx_word' id='word_1_89' title='bbox 494 1472 602 1542; x_wconf 87' lang='lat' dir='ltr'>his,</span> <span class='ocrx_word' id='word_1_90' title='bbox 627 1471 892 1546; x_wconf 73' lang='lat' dir='ltr'>praesidio</span> <span class='ocrx_word' id='word_1_91' title='bbox 921 1473 1022 1547; x_wconf 88' lang='lat' dir='ltr'>qui</span> <span class='ocrx_word' id='word_1_92' title='bbox 1049 1473 1255 1543; x_wconf 86' lang='lat' dir='ltr'>forent,</span> <span class='ocrx_word' id='word_1_93' title='bbox 1279 1479 1531 1547; x_wconf 87' lang='lat' dir='ltr'>quatuor</span> <span class='ocrx_word' id='word_1_94' title='bbox 1558 1473 1950 1530; x_wconf 87' lang='lat' dir='ltr'>centuriones:</span> <span class='ocrx_word' id='word_1_95' title='bbox 1981 1493 2102 1529; x_wconf 92' lang='lat' dir='ltr'>om·</span> 
     </span>
     <span class='ocr_line' id='line_1_14' title="bbox 334 1566 2101 1644; baseline 0.001 -21"><span class='ocrx_word' id='word_1_96' title='bbox 334 1586 552 1642; x_wconf 86' lang='lat' dir='ltr'>nesque</span> <span class='ocrx_word' id='word_1_97' title='bbox 591 1566 794 1641; x_wconf 86' lang='lat' dir='ltr'>Liguri</span> <span class='ocrx_word' id='word_1_98' title='bbox 834 1585 1032 1641; x_wconf 89' lang='lat' dir='ltr'>parere</span> <span class='ocrx_word' id='word_1_99' title='bbox 1065 1567 1253 1642; x_wconf 87' lang='lat' dir='ltr'>jubet,</span> <span class='ocrx_word' id='word_1_100' title='bbox 1299 1574 1361 1624; x_wconf 88' lang='lat' dir='ltr'>et</span> <span class='ocrx_word' id='word_1_101' title='bbox 1399 1569 1453 1625; x_wconf 89' lang='lat' dir='ltr'>ei</span> <span class='ocrx_word' id='word_1_102' title='bbox 1493 1568 1726 1644; x_wconf 87' lang='lat' dir='ltr'>negotio</span> <span class='ocrx_word' id='word_1_103' title='bbox 1764 1568 2101 1642; x_wconf 85' lang='lat' dir='ltr'>proximum</span> 
     </span>
     <span class='ocr_line' id='line_1_15' title="bbox 335 1662 830 1720; baseline 0 -1"><span class='ocrx_word' id='word_1_104' title='bbox 335 1662 488 1720; x_wconf 90' lang='lat' dir='ltr'>diem</span> <span class='ocrx_word' id='word_1_105' title='bbox 514 1663 830 1719; x_wconf 87' lang='lat' dir='ltr'>constituit.</span> 
     </span>
    </p>

    <p class='ocr_par' dir='ltr' id='par_1_5' title="bbox 334 1758 2101 2414">
     <span class='ocr_line' id='line_1_16' title="bbox 454 1758 2097 1834; baseline 0.001 -20"><span class='ocrx_word' id='word_1_106' title='bbox 454 1758 687 1815; x_wconf 82' lang='lat' dir='ltr'><strong>XCIV.</strong></span> <span class='ocrx_word' id='word_1_107' title='bbox 787 1758 915 1829; x_wconf 83' lang='lat' dir='ltr'>Sed,</span> <span class='ocrx_word' id='word_1_108' title='bbox 970 1758 1074 1815; x_wconf 89' lang='lat' dir='ltr'>ubi</span> <span class='ocrx_word' id='word_1_109' title='bbox 1130 1779 1205 1816; x_wconf 82' lang='lat' dir='ltr'>ex</span> <span class='ocrx_word' id='word_1_110' title='bbox 1257 1764 1539 1834; x_wconf 70' lang='lat' dir='ltr'>praecepto</span> <span class='ocrx_word' id='word_1_111' title='bbox 1600 1764 1833 1834; x_wconf 86' lang='lat' dir='ltr'>tempus</span> <span class='ocrx_word' id='word_1_112' title='bbox 1887 1759 2097 1831; x_wconf 82' lang='lat' dir='ltr'>visum,</span> 
     </span>
     <span class='ocr_line' id='line_1_17' title="bbox 334 1855 2101 1933; baseline 0 -21"><span class='ocrx_word' id='word_1_113' title='bbox 334 1856 552 1933; x_wconf 88' lang='lat' dir='ltr'>paratis</span> <span class='ocrx_word' id='word_1_114' title='bbox 577 1857 1019 1933; x_wconf 87' lang='lat' dir='ltr'>compositisque</span> <span class='ocrx_word' id='word_1_115' title='bbox 1046 1856 1329 1928; x_wconf 89' lang='lat' dir='ltr'>omnibus,</span> <span class='ocrx_word' id='word_1_116' title='bbox 1355 1857 1428 1913; x_wconf 92' lang='lat' dir='ltr'>ad</span> <span class='ocrx_word' id='word_1_117' title='bbox 1455 1855 1646 1912; x_wconf 89' lang='lat' dir='ltr'>locum</span> <span class='ocrx_word' id='word_1_118' title='bbox 1671 1856 1873 1931; x_wconf 83' lang='lat' dir='ltr'>pergit.</span> <span class='ocrx_word' id='word_1_119' title='bbox 1937 1855 2101 1913; x_wconf 79' lang='lat' dir='ltr'>Oete-</span> 
     </span>
     <span class='ocr_line' id='line_1_18' title="bbox 334 1951 2101 2029; baseline -0.003 -18"><span class='ocrx_word' id='word_1_120' title='bbox 334 1973 468 2011; x_wconf 87' lang='lat' dir='ltr'>rum</span> <span class='ocrx_word' id='word_1_121' title='bbox 505 1954 612 2024; x_wconf 91' lang='lat' dir='ltr'>illi,</span> <span class='ocrx_word' id='word_1_122' title='bbox 643 1954 746 2029; x_wconf 89' lang='lat' dir='ltr'>qui</span> <span class='ocrx_word' id='word_1_123' title='bbox 782 1953 1073 2010; x_wconf 83' lang='lat' dir='ltr'>ascensuri</span> <span class='ocrx_word' id='word_1_124' title='bbox 1110 1959 1297 2022; x_wconf 89' lang='lat' dir='ltr'>erant,</span> <span class='ocrx_word' id='word_1_125' title='bbox 1326 1952 1601 2027; x_wconf 86' lang='lat' dir='ltr'>praedocti</span> <span class='ocrx_word' id='word_1_126' title='bbox 1636 1951 1710 2007; x_wconf 85' lang='lat' dir='ltr'>ab</span> <span class='ocrx_word' id='word_1_127' title='bbox 1746 1951 1908 2021; x_wconf 88' lang='lat' dir='ltr'>duce,</span> <span class='ocrx_word' id='word_1_128' title='bbox 1938 1971 2101 2007; x_wconf 84' lang='lat' dir='ltr'>arma</span> 
     </span>
     <span class='ocr_line' id='line_1_19' title="bbox 336 2047 2095 2126; baseline -0.003 -18"><span class='ocrx_word' id='word_1_129' title='bbox 336 2058 720 2126; x_wconf 85' lang='lat' dir='ltr'>ornatumque</span> <span class='ocrx_word' id='word_1_130' title='bbox 760 2056 1152 2120; x_wconf 81' lang='lat' dir='ltr'>mutaverunt,</span> <span class='ocrx_word' id='word_1_131' title='bbox 1192 2049 1380 2124; x_wconf 88' lang='lat' dir='ltr'>capite</span> <span class='ocrx_word' id='word_1_132' title='bbox 1414 2054 1589 2124; x_wconf 87' lang='lat' dir='ltr'>atque</span> <span class='ocrx_word' id='word_1_133' title='bbox 1624 2048 1867 2123; x_wconf 89' lang='lat' dir='ltr'>pedibus</span> <span class='ocrx_word' id='word_1_134' title='bbox 1906 2047 2095 2117; x_wconf 86' lang='lat' dir='ltr'>nudis,</span> 
     </span>
     <span class='ocr_line' id='line_1_20' title="bbox 335 2145 2100 2223; baseline -0.001 -20"><span class='ocrx_word' id='word_1_135' title='bbox 335 2148 427 2203; x_wconf 88' lang='lat' dir='ltr'>uti</span> <span class='ocrx_word' id='word_1_136' title='bbox 466 2153 798 2223; x_wconf 87' lang='lat' dir='ltr'>prospectus</span> <span class='ocrx_word' id='word_1_137' title='bbox 835 2146 1108 2222; x_wconf 86' lang='lat' dir='ltr'>nisusque</span> <span class='ocrx_word' id='word_1_138' title='bbox 1143 2166 1247 2221; x_wconf 88' lang='lat' dir='ltr'>per</span> <span class='ocrx_word' id='word_1_139' title='bbox 1278 2165 1416 2201; x_wconf 88' lang='lat' dir='ltr'>saxa</span> <span class='ocrx_word' id='word_1_140' title='bbox 1447 2145 1671 2201; x_wconf 82' lang='lat' dir='ltr'>facilius</span> <span class='ocrx_word' id='word_1_141' title='bbox 1705 2145 1884 2201; x_wconf 86' lang='lat' dir='ltr'>foret:</span> <span class='ocrx_word' id='word_1_142' title='bbox 1928 2165 2100 2221; x_wconf 87' lang='lat' dir='ltr'>super</span> 
     </span>
     <span class='ocr_line' id='line_1_21' title="bbox 335 2242 2094 2319; baseline -0.003 -18"><span class='ocrx_word' id='word_1_143' title='bbox 335 2250 501 2319; x_wconf 87' lang='lat' dir='ltr'>terga</span> <span class='ocrx_word' id='word_1_144' title='bbox 538 2244 716 2318; x_wconf 87' lang='lat' dir='ltr'>gladii</span> <span class='ocrx_word' id='word_1_145' title='bbox 755 2250 816 2301; x_wconf 88' lang='lat' dir='ltr'>et</span> <span class='ocrx_word' id='word_1_146' title='bbox 855 2251 1043 2302; x_wconf 88' lang='lat' dir='ltr'>scuta:</span> <span class='ocrx_word' id='word_1_147' title='bbox 1089 2263 1294 2300; x_wconf 84' lang='lat' dir='ltr'>verum</span> <span class='ocrx_word' id='word_1_148' title='bbox 1335 2263 1403 2300; x_wconf 89' lang='lat' dir='ltr'>ea</span> <span class='ocrx_word' id='word_1_149' title='bbox 1442 2242 1759 2299; x_wconf 87' lang='lat' dir='ltr'>Numidica</span> <span class='ocrx_word' id='word_1_150' title='bbox 1798 2262 1872 2299; x_wconf 85' lang='lat' dir='ltr'>ex</span> <span class='ocrx_word' id='word_1_151' title='bbox 1913 2242 2094 2311; x_wconf 67' lang='lat' dir='ltr'>coriiS,</span> 
     </span>
     <span class='ocr_line' id='line_1_22' title="bbox 335 2337 2097 2414; baseline 0 -21"><span class='ocrx_word' id='word_1_152' title='bbox 335 2340 606 2414; x_wconf 82' lang='lat' dir='ltr'>ponderis</span> <span class='ocrx_word' id='word_1_153' title='bbox 647 2340 835 2414; x_wconf 82' lang='lat' dir='ltr'>gratia</span> <span class='ocrx_word' id='word_1_154' title='bbox 876 2339 1066 2409; x_wconf 89' lang='lat' dir='ltr'>simul,</span> <span class='ocrx_word' id='word_1_155' title='bbox 1116 2345 1178 2396; x_wconf 89' lang='lat' dir='ltr'>et</span> <span class='ocrx_word' id='word_1_156' title='bbox 1230 2338 1445 2396; x_wconf 88' lang='lat' dir='ltr'>offensa</span> <span class='ocrx_word' id='word_1_157' title='bbox 1490 2357 1605 2413; x_wconf 91' lang='lat' dir='ltr'>quo</span> <span class='ocrx_word' id='word_1_158' title='bbox 1649 2337 1836 2394; x_wconf 85' lang='lat' dir='ltr'>levius</span> <span class='ocrx_word' id='word_1_159' title='bbox 1887 2345 2097 2413; x_wconf 87' lang='lat' dir='ltr'>strepe-</span> 
     </span>
    </p>
   </div>
   <div class='ocr_carea' id='block_1_5' title="bbox 336 2433 2157 2510">
    <p class='ocr_par' dir='ltr' id='par_1_6' title="bbox 336 2433 2157 2510">
     <span class='ocr_line' id='line_1_23' title="bbox 336 2433 2157 2510; baseline -0.002 -19"><span class='ocrx_word' id='word_1_160' title='bbox 336 2439 485 2496; x_wconf 77' lang='lat' dir='ltr'>rent.</span> <span class='ocrx_word' id='word_1_161' title='bbox 569 2434 766 2509; x_wconf 88' lang='lat' dir='ltr'>Igitur</span> <span class='ocrx_word' id='word_1_162' title='bbox 788 2435 1172 2510; x_wconf 70' lang='lat' dir='ltr'>praegrediens</span> <span class='ocrx_word' id='word_1_163' title='bbox 1199 2435 1379 2510; x_wconf 89' lang='lat' dir='ltr'>Ligus</span> <span class='ocrx_word' id='word_1_164' title='bbox 1405 2453 1562 2503; x_wconf 86' lang='lat' dir='ltr'>saxa,</span> <span class='ocrx_word' id='word_1_165' title='bbox 1593 2439 1653 2492; x_wconf 89' lang='lat' dir='ltr'>et</span> <span class='ocrx_word' id='word_1_166' title='bbox 1679 2433 1730 2490; x_wconf 87' lang='lat' dir='ltr'>si</span> <span class='ocrx_word' id='word_1_167' title='bbox 1755 2453 1885 2509; x_wconf 85' lang='lat' dir='ltr'>quae</span> <span class='ocrx_word' id='word_1_168' title='bbox 1913 2442 2098 2491; x_wconf 77' lang='lat' dir='ltr'>vetus-</span> <span class='ocrx_word' id='word_1_169' title='bbox 2146 2491 2157 2500; x_wconf 67' lang='grc'><em>,</em></span> 
     </span>
    </p>
   </div>
   <div class='ocr_carea' id='block_1_6' title="bbox 334 2529 2099 3466">
    <p class='ocr_par' dir='ltr' id='par_1_7' title="bbox 334 2529 2099 3466">
     <span class='ocr_line' id='line_1_24' title="bbox 338 2529 2099 2606; baseline 0.001 -19"><span class='ocrx_word' id='word_1_170' title='bbox 338 2535 459 2587; x_wconf 86' lang='lat' dir='ltr'>tate</span> <span class='ocrx_word' id='word_1_171' title='bbox 490 2529 711 2588; x_wconf 83' lang='lat' dir='ltr'>radices</span> <span class='ocrx_word' id='word_1_172' title='bbox 746 2531 1094 2602; x_wconf 86' lang='lat' dir='ltr'>eminebant,</span> <span class='ocrx_word' id='word_1_173' title='bbox 1125 2530 1346 2606; x_wconf 87' lang='lat' dir='ltr'>laqueis</span> <span class='ocrx_word' id='word_1_174' title='bbox 1371 2530 1677 2600; x_wconf 85' lang='lat' dir='ltr'>vinciebat,</span> <span class='ocrx_word' id='word_1_175' title='bbox 1707 2531 1919 2606; x_wconf 88' lang='lat' dir='ltr'>quibus</span> <span class='ocrx_word' id='word_1_176' title='bbox 1954 2532 2099 2588; x_wconf 85' lang='lat' dir='ltr'>adle-</span> 
     </span>
     <span class='ocr_line' id='line_1_25' title="bbox 335 2626 2098 2685; baseline 0.002 -3"><span class='ocrx_word' id='word_1_177' title='bbox 335 2626 461 2684; x_wconf 75' lang='lat' dir='ltr'>vati</span> <span class='ocrx_word' id='word_1_178' title='bbox 494 2627 717 2684; x_wconf 88' lang='lat' dir='ltr'>facilius</span> <span class='ocrx_word' id='word_1_179' title='bbox 753 2628 1153 2685; x_wconf 87' lang='lat' dir='ltr'>escenderent:</span> <span class='ocrx_word' id='word_1_180' title='bbox 1194 2627 1490 2684; x_wconf 85' lang='lat' dir='ltr'>interdum</span> <span class='ocrx_word' id='word_1_181' title='bbox 1527 2627 1760 2683; x_wconf 89' lang='lat' dir='ltr'>timidos</span> <span class='ocrx_word' id='word_1_182' title='bbox 1792 2627 2098 2685; x_wconf 84' lang='lat' dir='ltr'>insolentia</span> 
     </span>
     <span class='ocr_line' id='line_1_26' title="bbox 335 2723 2093 2799; baseline 0.001 -20"><span class='ocrx_word' id='word_1_183' title='bbox 335 2723 564 2780; x_wconf 88' lang='lat' dir='ltr'>itineris</span> <span class='ocrx_word' id='word_1_184' title='bbox 602 2723 792 2780; x_wconf 88' lang='lat' dir='ltr'>levare</span> <span class='ocrx_word' id='word_1_185' title='bbox 833 2742 1051 2795; x_wconf 86' lang='lat' dir='ltr'>manu;</span> <span class='ocrx_word' id='word_1_186' title='bbox 1104 2723 1208 2781; x_wconf 85' lang='lat' dir='ltr'>ubi</span> <span class='ocrx_word' id='word_1_187' title='bbox 1249 2723 1446 2799; x_wconf 87' lang='lat' dir='ltr'>paullo</span> <span class='ocrx_word' id='word_1_188' title='bbox 1484 2723 1738 2798; x_wconf 86' lang='lat' dir='ltr'>asperior</span> <span class='ocrx_word' id='word_1_189' title='bbox 1775 2723 2093 2795; x_wconf 87' lang='lat' dir='ltr'>adscensus,</span> 
     </span>
     <span class='ocr_line' id='line_1_27' title="bbox 335 2820 2095 2896; baseline 0.001 -19"><span class='ocrx_word' id='word_1_190' title='bbox 335 2821 592 2896; x_wconf 86' lang='lat' dir='ltr'>singulos</span> <span class='ocrx_word' id='word_1_191' title='bbox 636 2840 755 2896; x_wconf 82' lang='lat' dir='ltr'>prae</span> <span class='ocrx_word' id='word_1_192' title='bbox 801 2840 861 2877; x_wconf 93' lang='lat' dir='ltr'>se</span> <span class='ocrx_word' id='word_1_193' title='bbox 903 2822 1152 2879; x_wconf 85' lang='lat' dir='ltr'>inermes</span> <span class='ocrx_word' id='word_1_194' title='bbox 1204 2821 1475 2893; x_wconf 62' lang='lat' dir='ltr'>mitteres,</span> <span class='ocrx_word' id='word_1_195' title='bbox 1531 2820 1739 2878; x_wconf 89' lang='lat' dir='ltr'>deinde</span> <span class='ocrx_word' id='word_1_196' title='bbox 1791 2821 1919 2896; x_wconf 85' lang='lat' dir='ltr'>ipse</span> <span class='ocrx_word' id='word_1_197' title='bbox 1968 2841 2095 2879; x_wconf 81' lang='lat' dir='ltr'>cum</span> 
     </span>
     <span class='ocr_line' id='line_1_28' title="bbox 334 2916 2097 2995; baseline 0 -21"><span class='ocrx_word' id='word_1_198' title='bbox 334 2916 571 2974; x_wconf 79' lang='lat' dir='ltr'>illorum</span> <span class='ocrx_word' id='word_1_199' title='bbox 606 2919 779 2973; x_wconf 88' lang='lat' dir='ltr'>armis</span> <span class='ocrx_word' id='word_1_200' title='bbox 820 2917 983 2994; x_wconf 90' lang='lat' dir='ltr'>sequi</span> <span class='ocrx_word' id='word_1_201' title='bbox 995 2937 1012 2990; x_wconf 84' lang='lat'>3</span> <span class='ocrx_word' id='word_1_202' title='bbox 1056 2935 1189 2993; x_wconf 82' lang='lat' dir='ltr'>quae</span> <span class='ocrx_word' id='word_1_203' title='bbox 1228 2918 1405 2975; x_wconf 83' lang='lat' dir='ltr'>dubia</span> <span class='ocrx_word' id='word_1_204' title='bbox 1439 2916 1571 2973; x_wconf 90' lang='lat' dir='ltr'>nisu</span> <span class='ocrx_word' id='word_1_205' title='bbox 1609 2917 1974 2990; x_wconf 86' lang='lat' dir='ltr'>videbantur,</span> <span class='ocrx_word' id='word_1_206' title='bbox 2003 2938 2097 2995; x_wconf 88' lang='lat' dir='ltr'>po-</span> 
     </span>
     <span class='ocr_line' id='line_1_29' title="bbox 334 3012 2097 3089; baseline 0.001 -20"><span class='ocrx_word' id='word_1_207' title='bbox 334 3013 591 3070; x_wconf 86' lang='lat' dir='ltr'>tissimus</span> <span class='ocrx_word' id='word_1_208' title='bbox 621 3018 864 3083; x_wconf 88' lang='lat' dir='ltr'>tentare,</span> <span class='ocrx_word' id='word_1_209' title='bbox 894 3032 976 3083; x_wconf 91' lang='lat' dir='ltr'>ac,</span> <span class='ocrx_word' id='word_1_210' title='bbox 1007 3015 1217 3089; x_wconf 87' lang='lat' dir='ltr'>saepius</span> <span class='ocrx_word' id='word_1_211' title='bbox 1253 3013 1451 3069; x_wconf 88' lang='lat' dir='ltr'>eadem</span> <span class='ocrx_word' id='word_1_212' title='bbox 1486 3012 1839 3068; x_wconf 87' lang='lat' dir='ltr'>adscendens</span> <span class='ocrx_word' id='word_1_213' title='bbox 1874 3012 2097 3070; x_wconf 87' lang='lat' dir='ltr'>descen-</span> 
     </span>
     <span class='ocr_line' id='line_1_30' title="bbox 336 3108 2095 3184; baseline 0.001 -19"><span class='ocrx_word' id='word_1_214' title='bbox 336 3109 606 3184; x_wconf 88' lang='lat' dir='ltr'>densque,</span> <span class='ocrx_word' id='word_1_215' title='bbox 666 3108 802 3165; x_wconf 92' lang='lat' dir='ltr'>dein</span> <span class='ocrx_word' id='word_1_216' title='bbox 863 3111 1062 3167; x_wconf 88' lang='lat' dir='ltr'>statim</span> <span class='ocrx_word' id='word_1_217' title='bbox 1126 3110 1467 3184; x_wconf 75' lang='lat' dir='ltr'>digredienS,</span> <span class='ocrx_word' id='word_1_218' title='bbox 1531 3109 1735 3165; x_wconf 89' lang='lat' dir='ltr'>ceteris</span> <span class='ocrx_word' id='word_1_219' title='bbox 1800 3108 2095 3166; x_wconf 86' lang='lat' dir='ltr'>audaciam</span> 
     </span>
     <span class='ocr_line' id='line_1_31' title="bbox 335 3204 2093 3281; baseline 0.001 -21"><span class='ocrx_word' id='word_1_220' title='bbox 335 3204 560 3261; x_wconf 84' lang='lat' dir='ltr'>addere.</span> <span class='ocrx_word' id='word_1_221' title='bbox 646 3204 855 3279; x_wconf 86' lang='lat' dir='ltr'>Igitur,</span> <span class='ocrx_word' id='word_1_222' title='bbox 900 3206 1003 3262; x_wconf 90' lang='lat' dir='ltr'>diu</span> <span class='ocrx_word' id='word_1_223' title='bbox 1055 3205 1424 3281; x_wconf 87' lang='lat' dir='ltr'>multumque</span> <span class='ocrx_word' id='word_1_224' title='bbox 1469 3205 1716 3281; x_wconf 85' lang='lat' dir='ltr'>fatigati,</span> <span class='ocrx_word' id='word_1_225' title='bbox 1758 3205 1996 3262; x_wconf 85' lang='lat' dir='ltr'>tandem</span> <span class='ocrx_word' id='word_1_226' title='bbox 2035 3205 2093 3261; x_wconf 90' lang='lat' dir='ltr'>in</span> 
     </span>
     <span class='ocr_line' id='line_1_32' title="bbox 337 3297 2099 3376; baseline 0.002 -23"><span class='ocrx_word' id='word_1_227' title='bbox 337 3297 637 3354; x_wconf 88' lang='lat' dir='ltr'>castellum</span> <span class='ocrx_word' id='word_1_228' title='bbox 687 3299 1052 3373; x_wconf 81' lang='lat' dir='ltr'>perveniunt,</span> <span class='ocrx_word' id='word_1_229' title='bbox 1103 3301 1393 3358; x_wconf 88' lang='lat' dir='ltr'>desertum</span> <span class='ocrx_word' id='word_1_230' title='bbox 1447 3301 1522 3358; x_wconf 87' lang='lat' dir='ltr'>ab</span> <span class='ocrx_word' id='word_1_231' title='bbox 1574 3320 1642 3358; x_wconf 87' lang='lat' dir='ltr'>ea</span> <span class='ocrx_word' id='word_1_232' title='bbox 1692 3305 1895 3375; x_wconf 83' lang='lat' dir='ltr'>parte3</span> <span class='ocrx_word' id='word_1_233' title='bbox 1947 3299 2099 3376; x_wconf 88' lang='lat' dir='ltr'>quod</span> 
     </span>
     <span class='ocr_line' id='line_1_33' title="bbox 339 3396 2088 3466; baseline 0.003 -19"><span class='ocrx_word' id='word_1_234' title='bbox 339 3411 551 3466; x_wconf 85' lang='lat' dir='ltr'>omnes,</span> <span class='ocrx_word' id='word_1_235' title='bbox 599 3396 772 3453; x_wconf 87' lang='lat' dir='ltr'>sicuti</span> <span class='ocrx_word' id='word_1_236' title='bbox 817 3397 947 3454; x_wconf 88' lang='lat' dir='ltr'>aliis</span> <span class='ocrx_word' id='word_1_237' title='bbox 990 3397 1211 3466; x_wconf 88' lang='lat' dir='ltr'>diebus,</span> <span class='ocrx_word' id='word_1_238' title='bbox 1255 3397 1560 3455; x_wconf 83' lang='lat' dir='ltr'>adversum</span> <span class='ocrx_word' id='word_1_239' title='bbox 1607 3399 1799 3455; x_wconf 85' lang='lat' dir='ltr'>hostes</span> <span class='ocrx_word' id='word_1_240' title='bbox 1839 3396 2088 3454; x_wconf 84' lang='lat' dir='ltr'>aderant.</span> 
     </span>
    </p>
   </div>
   <div class='ocr_carea' id='block_1_7' title="bbox 2238 2162 2242 2702">
    <p class='ocr_par' dir='ltr' id='par_1_8' title="bbox 2238 2162 2242 2702">
     <span class='ocr_line' id='line_1_34' title="bbox 2238 2162 2242 2702; baseline 0 0"><span class='ocrx_word' id='word_1_241' title='bbox 2238 2162 2242 2702; x_wconf 95' lang='lat' dir='ltr'> </span> 
     </span>
    </p>
   </div>
  </div>
 </body>
</html>
