2292 3692
324 212 403 277 ’38
717 211 924 274 SALL
936 212 1126 271 USTI
1123 212 1167 268 I
1213 210 1264 267 J
1271 205 1327 268 U
1329 211 1378 269 G
1392 209 1684 269 URTHA.

323 371 542 427 civium
581 369 803 428 animos
854 371 1111 427 intentos
1162 368 1430 444 putabat,
1485 386 1605 423 non
1657 367 1820 442 prius
1871 366 2092 424 bellum

323 467 642 540 adtingere,
675 485 866 541 quam,
913 465 1200 540 majorum
1234 464 1554 538 disciplina,
1586 463 1800 520 milites
1831 462 2093 519 laborare

323 562 611 638 coegisset.
699 562 853 618 Nam
912 562 1184 633 Albinus,
1246 560 1397 618 Auli
1435 560 1633 617 fratris
1686 562 2092 636 exercitusque

321 657 485 714 clade
511 658 823 733 perculsus,
854 665 1162 735 postquam
1198 657 1533 714 decreverat
1567 675 1684 711 non
1728 655 1935 731 egredi
1964 674 2091 731 pro-

319 753 529 826 vincia,
573 761 859 830 quantum
899 754 1178 829 temporis
1219 754 1551 809 aestivorum
1587 754 1652 808 in
1689 752 1932 826 imperio
1958 752 2091 822 fuit,

308 848 661 926 plerumque
702 851 915 907 milites
953 849 1184 907 stativis
1222 849 1425 906 castris
1464 847 1753 905 habebat:
1802 849 1919 905 nisi
1958 868 2090 908 cum

319 946 474 1018 odos,
503 953 610 1003 aut
636 948 834 1022 pabuli
855 952 1091 1020 egestas,
1114 944 1306 1001 locum
1333 951 1560 1000 mutare
1584 945 1904 1019 subegerat.
1974 944 2091 1012 Sed

320 1061 508 1118 neque
547 1044 965 1099 muniebantur
1002 1061 1088 1112 ea,
1149 1059 1337 1115 neque
1386 1058 1544 1096 more
1592 1040 1832 1096 militari
1877 1034 2130 1115 vigiliae

315 1138 792 1196 deducebantur:
850 1138 942 1194 uti
988 1137 1197 1213 cuique
1237 1135 1490 1204 lubebat,
1532 1134 1608 1190 ab
1647 1134 1828 1209 signis
1865 1136 2083 1195 aberat.

316 1234 484 1292 Lixae
510 1235 787 1311 permixti
811 1253 945 1290 cum
974 1232 1258 1289 militibus
1277 1232 1371 1289 die
1398 1236 1689 1306 noctuque
1703 1232 2084 1306 vagabantur,

318 1334 379 1386 et
404 1329 665 1403 palantes
701 1345 867 1403 agros
894 1334 1134 1398 vastare,
1182 1327 1351 1383 villas
1385 1345 1734 1402 expugnare,
1773 1326 1994 1401 pecoris
2027 1337 2087 1385 et

318 1425 735 1499 mancipiorum
776 1424 997 1498 praedas
1036 1428 1325 1481 certantes
1363 1442 1569 1498 agere:
1624 1440 1808 1498 eaque
1853 1428 2087 1478 mutare

315 1537 446 1577 cum
491 1521 906 1577 mercatoribus
947 1521 1084 1576 vino
1139 1518 1470 1589 advectitiO,
1527 1524 1589 1575 et
1643 1517 1773 1575 aliis
1824 1518 2083 1575 talibus:

316 1621 612 1691 praeterea,
655 1616 1009 1673 frumentum
1052 1616 1280 1691 publice
1321 1616 1521 1671 datum
1564 1615 1832 1684 vendere,
1876 1633 2086 1689 panem
2147 1684 2162 1700 ο

316 1715 386 1769 in.
421 1712 543 1769 dies
584 1712 862 1773 mercari:
906 1717 1195 1786 postremo
1235 1728 1610 1787 quaecumque
1649 1710 1766 1767 dici
1803 1716 1909 1766 aut
1942 1710 2086 1785 fingi
2155 1703 2175 1734 ’

316 1814 542 1883 queunt
599 1807 847 1883 ignaviae
899 1807 1268 1882 luxuriaeque
1307 1808 1532 1883 probra,
1576 1808 1639 1863 in
1678 1806 1780 1863 illo
1821 1806 2086 1864 exercitu

316 1909 524 1961 cuncta
550 1903 726 1974 fuere,
757 1911 818 1960 et
844 1902 958 1959 alia
984 1902 1247 1978 amplius,
1740 1893 1747 1900 ⁶

435 1999 631 2060 XLV.
718 1999 830 2056 Sed
858 1999 920 2054 in
946 2018 1013 2056 ea
1034 1998 1374 2055 difficultate
1395 1997 1701 2055 Metellum
1723 2017 1843 2054 non
1868 1997 2082 2071 minus,

313 2116 492 2172 quam
519 2097 581 2152 in
607 2095 779 2151 rebus
805 2094 1129 2165 hostilibus,
1160 2113 1434 2170 magnum
1461 2101 1522 2151 et
1549 2097 1868 2170 sapientem
1890 2097 2084 2155 virum

314 2192 491 2248 fuisse
527 2191 859 2265 comperior,
898 2195 1067 2246 tanta
1093 2190 1477 2264 temperantia
1515 2191 1672 2248 inter
1705 2194 2091 2251 ambitionem

312 2285 712 2359 saevitiamque
738 2286 1113 2344 moderatum.
1185 2284 1454 2360 Namque
1485 2286 1673 2343 edicto
1705 2289 1959 2361 primum
1986 2290 2084 2347 ad·

307 2383 580 2458 jumenta
615 2382 861 2457 ignaviae
894 2381 1211 2453 sustulisse,
1264 2386 1393 2437 “ne
1433 2384 1745 2457 quisquam'
1775 2383 1840 2440 in
1876 2385 2083 2441 castris

313 2494 541 2550 panem,
574 2484 678 2532 aut
719 2495 891 2551 quem
922 2476 1101 2533 alium
1135 2482 1362 2534 coctum
1403 2479 1595 2534 cibum
1637 2480 1955 2553 venderet3
2007 2499 2084 2538 ne

312 2572 451 2641 lixae
478 2572 797 2627 exercitum
824 2577 1203 2646 sequerentur
1222 2591 1240 2643 3
1277 2591 1352 2629 ne
1379 2573 1545 2629 miles
1559 2575 1856 2648 gregarius
1882 2575 1949 2632 in
1969 2596 2085 2634 cas·

314 2667 440 2737 tris,
470 2685 617 2722 neve
642 2666 706 2721 in
738 2667 968 2740 agmine
1003 2684 1237 2723 servum
1272 2673 1376 2724 aut
1403 2668 1737 2743 jumentum
1764 2669 2013 2729 haberet
2034 2670 2084 2728 :”

313 2763 521 2819 ceteris
573 2768 701 2817 arte
759 2761 995 2835 modum
1050 2761 1319 2818 statuisse
1342 2782 1357 2819 t
1421 2769 1695 2837 praeterea
1736 2765 2085 2822 transversis

299 2856 621 2928 ,itineribus
660 2857 921 2931 quotidie
960 2863 1150 2913 castra
1189 2874 1458 2929 movere3
1493 2857 1686 2933 juxta,
1709 2879 1782 2934 ,ac
1808 2861 1859 2915 si
1887 2860 2086 2918 hostes

314 2953 597 3024 adessent,
656 2951 811 3007 vallo
870 2958 1049 3027 atque
1101 2953 1253 3009 fossa
1297 2952 1544 3025 munire,
1587 2954 1815 3029 vigilias
1854 2956 2087 3015 crebras

313 3066 545 3123 ponere,
576 3056 635 3105 et
664 3049 785 3123 ipse
811 3068 943 3104 cum
971 3049 1177 3123 legatis
1202 3048 1506 3106 circumire
1528 3068 1544 3108 ε
1584 3050 1727 3106 item
1759 3048 1823 3106 in
1851 3052 2086 3127 agmine

315 3142 380 3198 in
416 3143 624 3219 primis
663 3144 849 3214 mode,
892 3145 1062 3200 modo
1110 3147 1175 3200 in
1215 3145 1536 3220 postremis,
1595 3163 1746 3219 saepe
1784 3148 1850 3203 in
1890 3149 2086 3206 medio

318 3237 529 3307 adesse,
559 3256 634 3293 ne
659 3240 967 3314 quisquam
994 3240 1196 3296 ordine
1220 3241 1603 3316 egrederetur,
1626 3241 1714 3298 uti
1742 3261 1874 3299 cum
1902 3245 2086 3320 signis

315 3331 647 3406 frequentes
681 3334 1033 3408 incederent,
1074 3334 1242 3393 miles
1275 3336 1471 3393 cibum
1504 3342 1565 3394 et
1606 3355 1766 3393 arma
1798 3343 2081 3412 portaret.

2230 3013 2244 3282 l
