2292 3692
339 256 413 315 16
656 204 671 219 χ
769 254 1221 315 SALLUSTH
1270 253 1683 317 CATILINA.

336 406 665 479 occultare;
718 425 952 482 prorsus
993 424 1183 483 neque
1223 407 1428 479 dicere,
1471 427 1663 485 neque
1701 410 1906 482 facere,
1949 407 2114 486 quid·

220 536 222 538 v
336 513 513 580 quam
565 504 731 580 pensi
782 503 1049 562 habebat.
1137 503 1284 560 Erat
1316 504 1380 576 nei
1420 524 1554 562 cum
1600 505 1829 577 Fulvia,
1869 507 2114 564 muliere

336 599 536 672 nobili,
565 606 737 657 vetus
763 598 1120 669 consuetudo
1147 618 1162 657 τ
1204 599 1301 656 cui
1328 618 1461 679 cum
1489 600 1687 657 minus
1715 605 1919 676 gratus
1945 606 2109 673 esset,

337 696 477 772 quia
529 697 728 771 inopia
780 696 974 752 minus
1025 695 1228 770 largiri
1280 702 1528 779 poterat,
1579 703 1820 772 repente
1861 696 2114 772 glorians

334 783 524 850 maria
575 797 915 867 montesque
966 791 1230 868 polliceri
1284 794 1491 883 coepit,
1477 814 1490 828 ·
1550 793 1788 850 minari
1815 793 2113 851 interdum

336 890 507 962 ferro,
547 889 666 946 nisi
711 888 966 945 obnoxia
1012 889 1203 945 foret·
1186 932 1204 961 ,
1262 893 1553 964 postremo
1599 889 1845 946 ferocius
1891 888 2114 971 agitare

336 1006 513 1064 quam
542 987 748 1043 solitus
775 991 916 1043 erat.
991 984 1083 1042 At
1109 985 1339 1059 Fulvia,
1367 982 1691 1043 insolentiae
1720 984 1886 1049 Curii
1913 1003 2116 1067 caussa

337 1083 586 1158 cognita,
650 1083 772 1139 tale
836 1081 1163 1158 periculum
1226 1082 1556 1157 reipublicae
1609 1081 1768 1138 haud
1820 1062 2114 1139 occultum

338 1179 583 1252 habuit3
625 1180 742 1252 sed,
771 1177 1003 1236 sublato
1029 1184 1283 1246 auctore,
1310 1178 1383 1236 de
1412 1176 1680 1235 Catilinae
1706 1177 2109 1254 conjuratione

338 1295 467 1350 quae
494 1294 727 1351 quoque
750 1275 921 1332 modo
947 1270 1230 1347 audierat,
1260 1275 1650 1350 compluribus
1676 1274 1956 1331 narravit.
2023 1273 2115 1330 Ea
2135 1302 2148 1349 2

338 1390 431 1429 res
457 1372 523 1428 in
549 1371 753 1446 primis
779 1371 975 1427 studia
1009 1370 1314 1431 hominum
1354 1370 1619 1427 accendit
1644 1370 1718 1426 ad
1746 1371 2114 1428 consulatum

338 1466 734 1524 mandandum
763 1466 848 1523 M.
881 1465 1075 1523 Tullio
1103 1465 1386 1525 Ciceroni.
1470 1466 1745 1541 Namque
1784 1472 1958 1553 antea
1994 1466 2114 1541 ple·
2156 1517 2162 1522 .

336 1554 524 1640 raque'
547 1562 823 1619 nobilitas
849 1561 1073 1618 invidia
1105 1563 1407 1634 aestuabat,
1450 1568 1511 1619 et
1549 1563 1718 1637 quasi
1757 1560 1942 1638 pollui
1957 1578 2117 1618 ,con-

338 1661 597 1718 sulatum
639 1659 964 1729 credebant,
1009 1659 1059 1714 si
1097 1674 1258 1730 eum,
1292 1659 1558 1733 quamvis
1606 1659 1883 1733 egregiuS,
1938 1657 2113 1715 homo

339 1777 526 1815 novus
551 1756 795 1831 adeptus
821 1755 985 1812 foret.
1073 1753 1204 1825 Sed,
1248 1755 1352 1812 ubi
1392 1754 1715 1830 periculum
1741 1754 1997 1826 advenit,
2028 1756 2114 1811 in·

288 1896 298 1909 .
339 1856 500 1913 vidia
525 1861 700 1930 atque
726 1852 995 1928 superbia.
1019 1857 1153 1934 pqst
1179 1853 1355 1908 fuere.
1415 1890 1426 1893 -

458 1947 706 2006 XXIV.
792 1947 1002 2031 Igitur,
1049 1946 1303 2002 eomitiis
1350 1944 1583 2014 habitis,
1627 1943 1889 2002 consules
1928 1943 2116 2001 decla-

339 2051 547 2104 rantur
574 2045 660 2102 M.
692 2043 919 2102 Tullius
946 2049 1006 2100 et
1033 2043 1097 2101 O.
1129 2043 1432 2099 Antonius
1451 2028 1469 2115 3
1497 2042 1649 2117 qnod
1678 2042 1898 2109 factum
1922 2040 2116 2116 primo
2220 2014 2250 2112 „-

340 2142 645 2219 populares
698 2140 1121 2221 conjurationis
1168 2144 1547 2210 concusserat.
1610 2159 1636 2187 x
1651 2139 1863 2214 Neque
1914 2144 2117 2211 tamen

344 2237 613 2296 Catilinae
641 2237 804 2292 furor
831 2236 1235 2301 minuebaturz
1276 2230 1378 2293 sed
1411 2234 1478 2292 in
1513 2235 1638 2292 dies
1662 2222 1836 2315 plur‘a
1860 2235 2083 2308 agitare
2095 2250 2116 2303 3

340 2353 502 2391 arma
538 2352 646 2410 per
685 2332 924 2405 Italiam
963 2331 1103 2389 locis
1137 2333 1481 2408 opportunis
1507 2350 1747 2407 parare·
1725 2372 1748 2403 3
1787 2329 2111 2420 pecuniam,

340 2451 447 2488 sua
483 2436 590 2488 aut
628 2430 945 2488 amicorum
971 2430 1085 2487 fide
1111 2437 1408 2522 sumpta-m
1442 2435 1725 2499 mutuam,
1756 2426 2013 2483 Faesulas
2037 2425 2117 2483 ad

341 2526 634 2584 Manlium
674 2526 984 2603 quemdam
1021 2531 1273 2605 portare,
1314 2525 1421 2601 qui
1460 2530 1682 2600 postea.
1694 2506 1966 2603 princeps
1997 2521 2117 2578 fuit.

339 2623 481 2681 belli
505 2624 772 2683 faciendi.
842 2622 931 2683 Ea
956 2612 1306 2707 tempestate
1330 2622 1615 2699 plurimos
1641 2621 1731 2697 cuj
1740 2639 1921 2697 usque
1946 2636 2117 2694 gene-

339 2721 422 2778 ris
434 2702 710 2778 homines
737 2720 1046 2788 adscivisse
1072 2720 1319 2777 dicitur·
1302 2764 1320 2793 ,
1361 2718 1635 2775 mulieres
1660 2718 1838 2775 etiam
1865 2716 2114 2791 aliquot,

338 2835 469 2892 quae
493 2816 682 2892 primo
705 2817 975 2892 ingentes
1002 2822 1294 2896 sumptus
1312 2820 1515 2890 stupro
1554 2813 1808 2889 corporis
1832 2810 2117 2868 tolerave-

337 2918 503 2985 rant3
542 2910 694 3006 post,
711 2913 818 2969 ubi
843 2918 984 2970 aetas
1008 2891 1416 2970 tantummodo
1442 2908 1707 3000 quaestui,
1725 2926 1915 2983 neque
1940 2906 2119 2973 luxu-

337 3009 457 3082 riae,
485 3008 725 3066 modum
751 3010 982 3082 fecerat,
1008 3027 1103 3066 aes
1142 3008 1401 3066 alienum
1439 2993 1657 3083 grande
1678 3005 2116 3062 conflaverant:

338 3127 444 3185 per
470 3126 565 3164 eas
591 3126 650 3164 se
680 3105 936 3163 Catilina
960 3106 1233 3190 credebat
1269 3123 1433 3181 posse
1471 3103 1712 3162 servitia
1747 3102 1975 3159 urbana
2006 3098 2120 3156 sol·

338 3202 582 3273 licitare,
623 3201 825 3258 urbem
867 3200 1193 3274 incendere,
1223 3201 1379 3259 viros
1420 3217 1621 3258 earum
1658 3196 1757 3256 vel
1794 3188 2115 3272 adjungere

338 3298 468 3373 sibi,
495 3298 592 3357 vel
617 3298 955 3356 interficere.
